2002 3302
561 277 757 316 DANTIS
782 275 1094 314 MoNARofflA
1121 276 1158 312 11
1184 277 1217 311 9.
1544 253 1553 261 ’
1595 273 1642 309 65

146 389 333 434 corditer
364 389 620 446 precipiunt,
655 386 726 429 hic
758 387 800 428 in
839 399 885 428 re
922 385 1114 438 militari,
1156 384 1229 427 ille
1261 397 1363 426 uero
1395 384 1439 425 in
1478 381 1653 425 officiis.
1669 397 1703 423 1⁵

146 459 202 502 Et
234 456 594 514 quemadmodum
626 457 670 499 in
704 469 806 498 cura
841 454 1088 500 medicinali
1122 457 1222 496 ante
1255 453 1413 495 ferrum
1448 454 1489 493 et
1512 452 1655 504 ignem

151 527 294 570 omnia
327 524 590 582 experienda
623 528 734 578 sunt,
768 527 811 566 et
843 521 899 573 ad
933 522 1013 564 hoc
1045 521 1194 563 ultimo
1228 519 1545 572 recurrendum,
1592 518 1654 561 sic

147 595 343 639 omnibus
383 594 464 636 uiis
507 591 782 647 inuestigatis
827 604 905 646 pro
944 589 1105 632 iudicio
1144 589 1198 632 de
1230 589 1305 631 lite
1342 586 1555 641 habendo,
1598 585 1655 629 ad
1671 603 1704 628 18

148 663 232 707 hoc
264 661 497 706 remedium
530 661 681 704 ultimo
717 659 901 714 quadam
935 658 1097 702 iustitie
1128 657 1387 701 necessitate
1421 655 1561 699 coacti
1593 667 1655 697 re·
1714 709 1723 717 ⁴

149 744 380 776 curramus.

272 800 368 842 Duo
400 798 533 853 igitur
563 797 762 840 formalia
802 795 932 838 duelli
972 799 1200 851 apparent:
1223 811 1225 813 ’
1248 806 1375 836 111111111
1415 792 1497 835 hoc
1540 791 1653 845 quod
1669 809 1702 833 21

153 881 266 912 nnnc
297 866 458 909 dietum
492 870 578 918 estt,
627 864 744 907 aliud
787 863 902 918 quod
934 863 1130 919 superius
1168 863 1440 917 tangebatur,
1489 860 1655 904 seilicet

154 940 202 980 ut
233 948 315 978 non
349 933 464 987 odio,
512 947 596 976 non
628 946 787 987 amore,
821 931 896 975 sed
929 932 1019 974 solo
1052 932 1143 974 zelo
1176 931 1351 985 iustitie,
1399 930 1454 972 de
1487 929 1655 972 comuni

152 1016 327 1047 assensu
360 1002 559 1057 agoniste
591 1014 666 1044 seu
700 1000 938 1044 duelliones
969 1000 1201 1056 palestram
1235 997 1544 1054 ingrediantur.
1597 996 1655 1038 Et
1669 1014 1704 1039 24

91 1103 94 1106 -
150 1074 327 1127 propter
369 1070 452 1113 hoe
493 1070 600 1112 bene
633 1069 815 1118 Tullius,
864 1082 958 1110 cum
999 1067 1052 1110 de
1095 1067 1176 1110 hae
1214 1067 1394 1109 materia
1436 1069 1653 1121 tangeret3

102 1187 109 1192 ,
151 1138 375 1192 inquiebat
407 1138 542 1180 enim:
571 1136 675 1179 ‘Sed
709 1136 822 1178 bella
860 1136 1012 1190 quibus
1043 1136 1208 1191 imperii
1245 1148 1402 1177 corona
1435 1134 1655 1190 proposita

153 1210 231 1259 est,
271 1206 408 1247 minus
446 1205 600 1247 acerbe
641 1203 832 1259 gerenda
873 1204 995 1246 sunt’.
1060 1203 1183 1255 Quod
1216 1204 1251 1246 si
1283 1203 1484 1246 formalia
1522 1202 1653 1245 duelli
1669 1219 1702 1245 27

152 1277 325 1316 seruata
356 1277 467 1323 sunt,
501 1272 625 1314 aliter
657 1273 767 1315 enim
801 1271 988 1314 duellum
1020 1285 1105 1315 non
1130 1276 1256 1326 esset,
1289 1271 1452 1314 iustitie
1474 1270 1655 1313 necessi-

152 1345 243 1384 tate
281 1341 336 1383 de
376 1341 544 1384 comuni
583 1353 759 1383 assensu
799 1340 1050 1394 congregati
1089 1343 1263 1395 propter
1301 1339 1436 1381 zelum
1478 1339 1654 1391 iustitie,

152 1423 292 1453 nonne
314 1410 357 1451 in
386 1409 555 1451 nomine
578 1408 648 1450 dei
672 1409 924 1463 congregati
956 1407 1085 1451 sunt‘?
1134 1408 1189 1449 Et
1211 1407 1247 1450 si
1269 1408 1345 1461 sic,
1379 1420 1518 1450 nonne
1549 1405 1654 1449 deus
1669 1423 1704 1450 so

152 1478 197 1520 in
222 1478 362 1520 medio
394 1477 558 1519 illorum
593 1476 687 1519 est?
720 1489 813 1518 cum
845 1476 940 1531 ipse
972 1475 1016 1518 in
1049 1476 1274 1530 euangelio
1307 1475 1429 1518 nobis
1452 1475 1534 1518 hoc
1557 1487 1652 1529 pro-

151 1547 308 1588 mittat.
371 1545 427 1587 Et
465 1545 500 1586 si
533 1542 639 1586 deus
681 1543 819 1594 adest,
864 1556 1004 1586 nonne
1035 1543 1159 1585 nefas
1192 1547 1256 1586 est
1279 1543 1490 1591 „arbitrari
1532 1542 1652 1585 iusti-

153 1613 564 1661 tiamsuccumbere
597 1612 752 1668 posse?
787 1625 913 1665 quam
946 1612 1112 1668 ipsein
1145 1616 1310 1654 tantum
1335 1612 1490 1667 diligit,
1525 1625 1650 1666 quan·
1673 1629 1707 1654 ³³

153 1687 243 1726 tum
274 1681 468 1737 superius
498 1685 761 1736 prenotatur.
825 1680 880 1722 Et
919 1679 955 1722 si
996 1680 1160 1723 iustitia
1200 1681 1243 1722 in
1283 1680 1426 1723 duello
1466 1693 1655 1723 succum-

153 1751 256 1794 bere
299 1749 460 1802 nequit,
505 1760 645 1789 nonne
690 1746 744 1789 de
788 1747 878 1788 iure
920 1748 1166 1800 acquiritur,
1213 1747 1327 1801 quod
1359 1761 1436 1803 per
1468 1747 1655 1790 duellum

157 1815 392 1870 acquiritur
403 1815 425 1856 ‘P
1670 1834 1704 1859 aa

276 1882 400 1925 Hanc
432 1883 657 1924 ueritatem
690 1882 819 1924 etiam
841 1882 1024 1937 gentiles
1057 1887 1158 1926 ante
1181 1884 1326 1926 tubam
1358 1884 1655 1938 euangelicam

124 1949 488 2007 ‚cognoscebant,
537 1963 630 1992 eum
678 1948 882 1992 iudicium
934 1965 960 1993 a
1007 1951 1180 1994 fortuna
1228 1951 1359 1994 duelli
1405 1953 1653 2006 querebant.

160 2016 281 2060 Vnde
315 2017 421 2060 bene
454 2018 599 2060 Pirrus
631 2017 717 2071 ille,
767 2022 854 2060 tam
890 2019 1078 2061 moribus
1110 2019 1370 2062 Eacidarum
1405 2033 1530 2073 quam
1564 2033 1709 2064 san-39

156 2086 285 2140 guine
329 2098 572 2140 generosus,
620 2099 714 2128 eum
761 2086 896 2140 legati
941 2086 1229 2128 Romanorum
1275 2101 1352 2141 pro
1398 2087 1657 2130 redimendis

159 2154 343 2208 captiuis
375 2153 431 2195 ad
463 2153 580 2194 illum
613 2153 730 2195 missi
763 2153 950 2206 fuerunt,
985 2153 1225 2208 respondit:

278 2269 324 2304 18
357 2270 434 2304 viis
468 2270 580 2315 prius
607 2270 684 2304 ΚΤ
779 2270 968 2305 habendo
1005 2271 1054 2306 de
1086 2272 1156 2307 lite
1192 2275 1230 2307 et
1258 2272 1306 2307 ad
1335 2273 1376 2307 D
1499 2274 1543 2308 19
1568 2274 1656 2309 ulti-

159 2334 268 2361 mum
295 2326 409 2361 FKP
525 2327 766 2362 necessitate
792 2327 949 2362 iusticie
975 2327 1065 2361 DM
1182 2327 1229 2363 22
1255 2339 1363 2363 nune
1391 2340 1466 2365 om.
1482 2330 1571 2364 EM

159 2381 301 2416 22-24
326 2382 624 2417 scilicet—seu
651 2393 726 2418 om.
748 2383 781 2418 V
897 2383 942 2417 26
969 2383 1047 2419 Sed
1075 2384 1205 2419 om.D
1326 2386 1442 2429 bella,
1471 2397 1542 2430 pro
1572 2387 1656 2431 qui-

161 2437 237 2472 bus
263 2437 338 2472 FP
453 2438 501 2473 28
532 2440 609 2474 erit
634 2439 706 2473 BL
828 2440 984 2474 29-30
1016 2444 1178 2485 propter
1193 2460 1236 2465 ——
1254 2443 1492 2486 congregati
1521 2452 1595 2476 om.
1611 2443 1662 2476 M

161 2491 208 2527 30
233 2492 288 2537 111]
315 2496 354 2528 et
379 2494 453 2527 FP
531 2494 608 2539 dei]
638 2495 788 2529 domini
815 2495 862 2542 B,
890 2496 1037 2530 domini
1065 2501 1104 2530 et
1130 2496 1169 2529 D
1272 2497 1319 2531 32
1346 2498 1518 2532 habitari
1546 2499 1663 2532 EKP

161 2548 208 2584 34
235 2549 452 2584 denotatur
478 2549 553 2585 EG
692 2550 847 2596 35-11,
865 2550 911 2585 28
938 2553 1079 2596 nequit
1094 2571 1135 2576 —
1153 2555 1406 2587 auctoritatis
1432 2564 1521 2589 om.
1539 2555 1582 2589 P

161 2604 208 2640 37
234 2605 354 2640 etiam
380 2606 593 2641 ueritatem
621 2606 694 2640 BL
820 2607 867 2641 39
893 2607 1175 2642 accaeidarum
1203 2609 1247 2646 Β,
1276 2609 1490 2643 cacid-FH

283 2709 328 2743 15
346 2708 425 2745 Cic..
442 2709 490 2744 de
505 2710 567 2754 off.
585 2712 616 2753 1,
632 2711 691 2743 34.
742 2710 881 2744 26-—27
899 2709 975 2744 Cic.
992 2710 1015 2744 ι.
1028 2721 1058 2745 c.
1079 2712 1110 2753 1,
1128 2712 1186 2744 38.
1236 2710 1283 2745 30
1297 2711 1346 2756 cf.
1364 2712 1503 2746 Manu.
1521 2713 1579 2756 18,
1594 2712 1655 2747 ρο.

233 2785 353 2813 nantis
373 2785 414 2813 de
433 2785 637 2814 monarchia.
1442 2777 1463 2811 5
