2002 3302
513 250 709 288 DANTIS
737 249 1050 287 MONARCHIA
1076 250 1115 286 11
1143 250 1196 287 12.
1237 250 1297 286 III
1325 252 1356 286 1.
1637 251 1684 288 73

0 406 1 415 γ
177 360 316 404 uicem
349 360 512 403 Tiberii
551 372 706 414 gerens
738 359 815 401 sub
848 359 969 414 signo
1002 359 1159 414 aquile,
1191 359 1261 402 uel
1292 360 1371 402 sub
1404 359 1527 414 signo
1560 373 1681 403 sena-

178 433 261 486 tus,
299 428 375 473 sed
407 442 495 483 rex,
529 441 661 483 regno
694 428 901 482 singulari
934 427 1156 471 ordinatus
1183 426 1242 470 'ab
1291 441 1355 478 eo,
1390 432 1433 470 et
1455 428 1533 470 sub
1556 429 1679 483 signo

182 498 303 552 regni
337 497 417 540 sibi
451 496 666 539 commissi
698 496 953 551 gubernans.
1693 513 1731 538 39

299 565 507 609 Desinant
539 564 671 619 igitur
703 564 928 619 imperium
962 564 1221 619 exprobrare
1254 577 1488 618 romanum,
1529 565 1601 618 qui
1634 578 1679 607 se

178 632 290 677 filios
321 633 503 677 ecclesie
533 633 720 687 fingunt,
755 645 850 675 cum
883 631 1060 675 uideant
1091 645 1292 688 sponsum
1326 632 1542 677 Christum
1574 632 1679 675 illud

178 701 242 744 sic
284 701 327 744 iu
372 705 550 755 utroque
594 701 772 743 termino
815 714 890 744 sue
930 701 1079 743 militie
1121 701 1435 757 comprobasse.
1499 701 1554 743 Et
1594 702 1728 744 iam42

178 770 449 814 sufficienter
480 770 753 812 manifestum
776 782 869 812 esse
892 770 1088 820 arbitror,
1123 783 1342 813 romanum
1366 770 1571 826 populum
1594 770 1677 813 sibi

180 837 235 881 de
265 839 356 881 iure
388 838 503 881 orbis
535 837 757 892 imperium
792 837 1012 880 asciuisse.

298 905 334 949 O
373 906 542 949 felicem
583 905 800 961 populum,
842 918 866 947 o
905 905 1138 949 Ausoniam
1177 910 1220 949 te
1252 907 1496 961 gloriosam,
1537 908 1572 950 si
1610 907 1679 950 uel
1693 921 1727 947 45

116 1023 118 1025 ,
178 986 392 1028 nunquam
431 974 672 1016 infirmator
702 973 775 1016 ille
807 974 974 1029 imperii
1007 975 1070 1016 tui
1101 978 1227 1018 natus
1259 974 1428 1030 fuisset,
1470 975 1540 1019 uel
1572 989 1678 1018 nun-

103 1044 114 1047 ”
177 1055 306 1096 quam
337 1056 414 1086 sua
446 1042 517 1098 pia
549 1041 730 1085 intentio
763 1042 901 1097 ipsum
935 1042 1177 1086 fefellisset.

462 1154 463 1157 ’
506 1165 785 1237 Expniolr
817 1165 994 1209 LIBER
1027 1167 1348 1211 SECVNDVS,
1695 1189 1731 1214 48

564 1366 786 1410 INCIPIT
818 1367 996 1409 LIBER
1028 1367 1298 1412 TERTIVS.

248 1473 441 1517 Onclusit
473 1487 548 1515 ora
579 1473 762 1527 leonum,
795 1478 838 1515 et
869 1487 951 1516 non
975 1479 1209 1517 nocuerunt
1231 1475 1374 1530 michi,
1409 1478 1508 1531 quia
1530 1491 1676 1520 coram
1694 1477 1716 1519 l

277 1557 326 1586 eo
359 1544 522 1586 iustitia
554 1544 729 1585 inuenta
763 1549 827 1586 est
859 1545 902 1585 in
925 1545 1018 1586 me’.
1080 1545 1130 1587 In
1153 1546 1364 1602 principio
1387 1547 1512 1591 huius
1534 1550 1676 1605 operis

179 1615 442 1671 propositum
478 1616 558 1657 fuit
590 1615 643 1657 de
676 1615 811 1659 tribus
844 1616 1152 1671 questionibus,
1191 1623 1316 1673 prout
1349 1621 1529 1663 materia
1561 1626 1709 1676 pate-3

180 1688 310 1737 retur,
342 1684 577 1738 inquirere3
626 1683 680 1725 de
714 1696 890 1736 quarum
923 1683 1089 1727 duabus
1121 1686 1269 1741 primis
1309 1687 1352 1729 in
1389 1689 1679 1744 superioribus

181 1751 314 1804 libris,
353 1755 400 1792 ut
431 1750 574 1803 credo,
607 1751 874 1793 sufficienter
906 1756 1127 1807 peractum
1162 1758 1239 1796 est.
1289 1755 1414 1799 Nune
1449 1761 1591 1799 autem
1625 1757 1679 1801 de

182 1818 310 1860 tertia
353 1823 486 1861 restat
529 1818 756 1872 agendum.
820 1819 948 1862 Cuius
994 1820 1166 1875 quidem
1215 1824 1388 1874 ueritas,
1438 1826 1539 1879 quia
1586 1827 1708 1870 sines

182 1885 335 1935 rubore
373 1886 608 1940 aliquorum
648 1899 864 1942 emergere
904 1889 1066 1943 nequit,
1105 1889 1284 1934 forsitan
1327 1892 1508 1936 alieuius
1538 1894 1679 1950 indig-

300 1990 345 2024 36
371 1989 504 2024 Lucas
532 1991 588 2024 ait
614 1991 654 2024 in
683 1990 770 2025 GM
875 2001 948 2026 suo
977 1994 1194 2038 euangelio
1221 1995 1301 2029 ΕΚ
1410 2007 1484 2033 suo
1512 1999 1685 2033 om.DT

181 2047 357 2083 tradidit.
401 2047 495 2082 Erat
515 2048 597 2090 FV,
628 2047 852 2082 tradiderat
870 2048 994 2092 BDL,
1022 2049 1089 2083 Tr·
1107 2049 1198 2094 GM,
1225 2052 1404 2087 traderat
1423 2054 1462 2087 E
1548 2053 1595 2088 37
1622 2057 1678 2089 ui-

183 2113 250 2138 ces
274 2103 355 2138 DT
432 2103 586 2148 tyberis
617 2104 655 2144 V,
682 2104 783 2148 inpu
808 2104 847 2137 D
967 2105 1014 2139 40
1042 2115 1138 2150 ergo
1165 2106 1246 2140 DF
1320 2109 1548 2152 exprobare
1567 2109 1682 2146 ΑΒΕ

182 2159 333 2194 FLPV
469 2160 516 2194 43
541 2170 647 2195 man-
675 2160 848 2195 arbitror
874 2171 963 2196 esse
988 2161 1039 2205 D,
1067 2162 1243 2198 arbitror
1267 2174 1321 2199 m·
1349 2174 1436 2200 esse
1465 2166 1500 2201 G
1591 2177 1679 2203 esse

183 2225 258 2250 om.
279 2215 321 2258 T,
360 2219 419 2250 est
445 2215 517 2251 ΑΡ
633 2216 752 2251 43—5
785 2217 860 2252 sibi
880 2237 920 2242 —
942 2218 1137 2263 populum
1164 2220 1293 2254 om.D
1413 2221 1460 2257 48
1493 2223 1678 2269 Explicit.

138 2302 146 2310 ,
183 2268 371 2306 Secunda
398 2273 554 2316 questio
566 2276 629 2307 etc
643 2271 688 2316 A,
715 2272 889 2318 Explicit
914 2273 1015 2309 liber
1041 2275 1245 2311 secundus
1267 2277 1273 2319 Ι
1296 2276 1441 2323 Incipit
1467 2281 1616 2316 tercius
1632 2281 1678 2325 F,

183 2325 327 2362 Dantis
342 2327 566 2372 Aldigherij
587 2328 793 2364 florentini
813 2329 1043 2365 Monarchie
1071 2332 1275 2368 secundus
1301 2333 1403 2369 liber
1430 2336 1596 2381 explicit
1623 2338 1679 2372 in-

184 2382 281 2427 cipit
305 2382 465 2418 Tertius
497 2385 534 2427 P,
575 2385 746 2430 Explicit
777 2385 877 2421 liber
909 2387 1110 2422 secundus
1144 2387 1290 2434 Incipit
1325 2390 1426 2426 liber
1462 2394 1604 2428 tertius
1639 2394 1678 2438 V,

184 2438 588 2475 om.BDEGHLMT

303 2492 324 2527 1
355 2494 369 2528 1
399 2493 587 2531 Conclusi
613 2495 779 2531 ADEM
891 2498 915 2532 4
944 2472 1116 2535 duarum
1144 2499 1260 2535 ΛΒΤ

302 2576 349 2610 46
375 2577 601 2613 infir-mator
633 2580 790 2625 imperii
822 2578 847 2614 i.
876 2590 906 2615 e.
936 2581 1225 2619 Constantinus
1256 2584 1484 2630 imperator
1504 2590 1680 2633 propter

186 2631 445 2668 donationem
471 2633 605 2670 medio
631 2646 727 2671 aevo
752 2636 861 2681 falso
886 2638 1095 2676 creditam.

305 2689 397 2724 1—2
424 2690 528 2725 Dan.
550 2693 586 2735 6,
603 2691 662 2727 22.
