<?xml version="1.0" encoding="UTF-8"?>
<!DOCTYPE html PUBLIC "-//W3C//DTD XHTML 1.0 Transitional//EN"
    "http://www.w3.org/TR/xhtml1/DTD/xhtml1-transitional.dtd">
<html xmlns="http://www.w3.org/1999/xhtml" xml:lang="en" lang="en">
 <head>
  <title>
</title>
<meta http-equiv="Content-Type" content="text/html;charset=utf-8" />
  <meta name='ocr-system' content='tesseract 3.04.00' />
  <meta name='ocr-capabilities' content='ocr_page ocr_carea ocr_par ocr_line ocrx_word'/>
</head>
<body>
  <div class='ocr_page' id='page_1' title='image "./demonarchialibri00dantuoft_0070.png"; bbox 0 0 2002 3302; ppageno 0'>
   <div class='ocr_carea' id='block_1_1' title="bbox 378 274 1454 314">
    <p class='ocr_par' dir='ltr' id='par_1_1' title="bbox 378 274 1454 314">
     <span class='ocr_line' id='line_1_1' title="bbox 378 274 1454 314; baseline -0.005 0"><span class='ocrx_word' id='word_1_1' title='bbox 378 279 425 314; x_wconf 89' lang='grc'>66</span> <span class='ocrx_word' id='word_1_2' title='bbox 798 275 991 313; x_wconf 89' lang='lat' dir='ltr'>DANTIS</span> <span class='ocrx_word' id='word_1_3' title='bbox 1018 274 1330 312; x_wconf 87' lang='lat' dir='ltr'>MONARCHIA</span> <span class='ocrx_word' id='word_1_4' title='bbox 1357 274 1396 310; x_wconf 89' lang='grc' dir='ltr'>Π</span> <span class='ocrx_word' id='word_1_5' title='bbox 1420 275 1454 310; x_wconf 87' lang='grc'>9.</span> 
     </span>
    </p>
   </div>
   <div class='ocr_carea' id='block_1_2' title="bbox 326 381 1952 1324">
    <p class='ocr_par' dir='ltr' id='par_1_2' title="bbox 326 381 1952 1324">
     <span class='ocr_line' id='line_1_2' title="bbox 326 381 1832 439; baseline -0.001 -11"><span class='ocrx_word' id='word_1_6' title='bbox 326 403 362 428; x_wconf 79' lang='lat'>42</span> <span class='ocrx_word' id='word_1_7' title='bbox 436 386 542 439; x_wconf 91' lang='lat' dir='ltr'>Nec,</span> <span class='ocrx_word' id='word_1_8' title='bbox 576 386 726 439; x_wconf 92' lang='lat' dir='ltr'>inquit,</span> <span class='ocrx_word' id='word_1_9' title='bbox 761 385 817 427; x_wconf 91' lang='lat' dir='ltr'>mi</span> <span class='ocrx_word' id='word_1_10' title='bbox 850 397 998 426; x_wconf 90' lang='lat' dir='ltr'>aurum</span> <span class='ocrx_word' id='word_1_11' title='bbox 1030 396 1175 439; x_wconf 87' lang='lat' dir='ltr'>posco,</span> <span class='ocrx_word' id='word_1_12' title='bbox 1208 396 1288 425; x_wconf 86' lang='lat' dir='ltr'>nec</span> <span class='ocrx_word' id='word_1_13' title='bbox 1310 383 1367 424; x_wconf 90' lang='lat' dir='ltr'>mi</span> <span class='ocrx_word' id='word_1_14' title='bbox 1389 383 1572 438; x_wconf 86' lang='lat' dir='ltr'>pretium</span> <span class='ocrx_word' id='word_1_15' title='bbox 1608 381 1832 436; x_wconf 71' lang='lat' dir='ltr'>dederitis,</span> 
     </span>
     <span class='ocr_line' id='line_1_3' title="bbox 436 451 1518 509; baseline -0.004 -13"><span class='ocrx_word' id='word_1_16' title='bbox 436 467 520 496; x_wconf 92' lang='lat' dir='ltr'>non</span> <span class='ocrx_word' id='word_1_17' title='bbox 554 457 845 509; x_wconf 79' lang='lat' dir='ltr'>cauponantes</span> <span class='ocrx_word' id='word_1_18' title='bbox 878 452 1049 506; x_wconf 90' lang='lat' dir='ltr'>bellum,</span> <span class='ocrx_word' id='word_1_19' title='bbox 1082 451 1159 494; x_wconf 88' lang='lat' dir='ltr'>sed</span> <span class='ocrx_word' id='word_1_20' title='bbox 1192 451 1518 505; x_wconf 85' lang='lat' dir='ltr'>belligerantes:</span> 
     </span>
     <span class='ocr_line' id='line_1_4' title="bbox 435 519 1472 575; baseline -0.003 -11"><span class='ocrx_word' id='word_1_21' title='bbox 435 522 564 575; x_wconf 87' lang='lat' dir='ltr'>ferro,</span> <span class='ocrx_word' id='word_1_22' title='bbox 598 535 682 564; x_wconf 90' lang='lat' dir='ltr'>non</span> <span class='ocrx_word' id='word_1_23' title='bbox 714 534 834 575; x_wconf 86' lang='lat' dir='ltr'>auro,</span> <span class='ocrx_word' id='word_1_24' title='bbox 868 521 1001 563; x_wconf 89' lang='lat' dir='ltr'>uitam</span> <span class='ocrx_word' id='word_1_25' title='bbox 1035 532 1259 562; x_wconf 83' lang='lat' dir='ltr'>cernamus</span> <span class='ocrx_word' id='word_1_26' title='bbox 1291 519 1472 573; x_wconf 88' lang='lat' dir='ltr'>utrique.</span> 
     </span>
     <span class='ocr_line' id='line_1_5' title="bbox 327 586 1758 643; baseline -0.002 -10"><span class='ocrx_word' id='word_1_27' title='bbox 327 607 362 633; x_wconf 82' lang='lat'>45</span> <span class='ocrx_word' id='word_1_28' title='bbox 437 590 580 633; x_wconf 88' lang='lat' dir='ltr'>Vosne</span> <span class='ocrx_word' id='word_1_29' title='bbox 614 590 718 632; x_wconf 88' lang='lat' dir='ltr'>uelit</span> <span class='ocrx_word' id='word_1_30' title='bbox 751 603 805 632; x_wconf 92' lang='lat' dir='ltr'>an</span> <span class='ocrx_word' id='word_1_31' title='bbox 839 602 905 632; x_wconf 90' lang='lat' dir='ltr'>me</span> <span class='ocrx_word' id='word_1_32' title='bbox 938 601 1120 643; x_wconf 88' lang='lat' dir='ltr'>regnare</span> <span class='ocrx_word' id='word_1_33' title='bbox 1154 588 1283 640; x_wconf 89' lang='lat' dir='ltr'>Hera,</span> <span class='ocrx_word' id='word_1_34' title='bbox 1318 586 1476 641; x_wconf 90' lang='lat' dir='ltr'>quidue</span> <span class='ocrx_word' id='word_1_35' title='bbox 1507 587 1620 630; x_wconf 86' lang='lat' dir='ltr'>ferat</span> <span class='ocrx_word' id='word_1_36' title='bbox 1652 599 1758 641; x_wconf 86' lang='lat' dir='ltr'>sors,</span> 
     </span>
     <span class='ocr_line' id='line_1_6' title="bbox 437 658 913 713; baseline -0.002 -13"><span class='ocrx_word' id='word_1_37' title='bbox 437 659 595 700; x_wconf 89' lang='lat' dir='ltr'>uirtute</span> <span class='ocrx_word' id='word_1_38' title='bbox 629 658 913 713; x_wconf 83' lang='lat' dir='ltr'>experiamur.</span> 
     </span>
     <span class='ocr_line' id='line_1_7' title="bbox 438 724 1383 780; baseline -0.003 -12"><span class='ocrx_word' id='word_1_39' title='bbox 438 738 615 780; x_wconf 90' lang='lat' dir='ltr'>quorum</span> <span class='ocrx_word' id='word_1_40' title='bbox 648 725 796 767; x_wconf 87' lang='lat' dir='ltr'>uirtuti</span> <span class='ocrx_word' id='word_1_41' title='bbox 829 724 931 767; x_wconf 91' lang='lat' dir='ltr'>belli</span> <span class='ocrx_word' id='word_1_42' title='bbox 964 725 1138 767; x_wconf 80' lang='lat' dir='ltr'>fortuna</span> <span class='ocrx_word' id='word_1_43' title='bbox 1176 724 1383 779; x_wconf 84' lang='lat' dir='ltr'>pepercit,</span> 
     </span>
     <span class='ocr_line' id='line_1_8' title="bbox 326 792 1509 848; baseline -0.003 -11"><span class='ocrx_word' id='word_1_44' title='bbox 326 812 363 837; x_wconf 79' lang='lat'>48</span> <span class='ocrx_word' id='word_1_45' title='bbox 441 792 671 836; x_wconf 88' lang='lat' dir='ltr'>eorundem</span> <span class='ocrx_word' id='word_1_46' title='bbox 704 806 771 835; x_wconf 91' lang='lat' dir='ltr'>me</span> <span class='ocrx_word' id='word_1_47' title='bbox 803 793 991 835; x_wconf 87' lang='lat' dir='ltr'>libertati</span> <span class='ocrx_word' id='word_1_48' title='bbox 1023 805 1203 848; x_wconf 83' lang='lat' dir='ltr'>parcere</span> <span class='ocrx_word' id='word_1_49' title='bbox 1236 795 1396 834; x_wconf 87' lang='lat' dir='ltr'>certum</span> <span class='ocrx_word' id='word_1_50' title='bbox 1431 794 1509 834; x_wconf 85' lang='lat' dir='ltr'>est.</span> 
     </span>
     <span class='ocr_line' id='line_1_9' title="bbox 438 860 759 904; baseline 0 0"><span class='ocrx_word' id='word_1_51' title='bbox 438 861 566 904; x_wconf 92' lang='lat' dir='ltr'>Dono</span> <span class='ocrx_word' id='word_1_52' title='bbox 599 860 759 904; x_wconf 82' lang='lat' dir='ltr'>ducite.</span> 
     </span>
     <span class='ocr_line' id='line_1_10' title="bbox 380 928 1882 980; baseline -0.002 -8"><span class='ocrx_word' id='word_1_53' title='bbox 380 930 462 972; x_wconf 91' lang='lat' dir='ltr'>Hic</span> <span class='ocrx_word' id='word_1_54' title='bbox 508 929 654 972; x_wconf 87' lang='lat' dir='ltr'>Pirrus</span> <span class='ocrx_word' id='word_1_55' title='bbox 695 930 854 971; x_wconf 87' lang='lat' dir='ltr'>Heram</span> <span class='ocrx_word' id='word_1_56' title='bbox 897 928 1082 971; x_wconf 89' lang='lat' dir='ltr'>uocabat</span> <span class='ocrx_word' id='word_1_57' title='bbox 1131 928 1361 980; x_wconf 84' lang='lat' dir='ltr'>fortunam,</span> <span class='ocrx_word' id='word_1_58' title='bbox 1409 940 1536 980; x_wconf 90' lang='lat' dir='ltr'>quam</span> <span class='ocrx_word' id='word_1_59' title='bbox 1582 939 1755 969; x_wconf 86' lang='lat' dir='ltr'>causam</span> <span class='ocrx_word' id='word_1_60' title='bbox 1797 939 1882 969; x_wconf 86' lang='lat' dir='ltr'>me·</span> 
     </span>
     <span class='ocr_line' id='line_1_11' title="bbox 330 993 1881 1051; baseline -0.003 -10"><span class='ocrx_word' id='word_1_61' title='bbox 330 1015 364 1042; x_wconf 86' lang='lat'>51</span> <span class='ocrx_word' id='word_1_62' title='bbox 379 998 461 1040; x_wconf 82' lang='lat' dir='ltr'>lius</span> <span class='ocrx_word' id='word_1_63' title='bbox 518 1001 561 1040; x_wconf 87' lang='lat' dir='ltr'>et</span> <span class='ocrx_word' id='word_1_64' title='bbox 619 997 777 1040; x_wconf 90' lang='lat' dir='ltr'>rectius</span> <span class='ocrx_word' id='word_1_65' title='bbox 836 1010 913 1040; x_wconf 85' lang='lat' dir='ltr'>nos</span> <span class='ocrx_word' id='word_1_66' title='bbox 966 995 1156 1038; x_wconf 92' lang='lat' dir='ltr'>diuinam</span> <span class='ocrx_word' id='word_1_67' title='bbox 1220 994 1533 1051; x_wconf 87' lang='lat' dir='ltr'>prouidentiam</span> <span class='ocrx_word' id='word_1_68' title='bbox 1603 993 1881 1050; x_wconf 84' lang='lat' dir='ltr'>appellamus.</span> 
     </span>
     <span class='ocr_line' id='line_1_12' title="bbox 380 1062 1881 1120; baseline -0.004 -12"><span class='ocrx_word' id='word_1_69' title='bbox 380 1065 504 1108; x_wconf 87' lang='lat' dir='ltr'>Vnde</span> <span class='ocrx_word' id='word_1_70' title='bbox 538 1069 721 1107; x_wconf 87' lang='lat' dir='ltr'>caueant</span> <span class='ocrx_word' id='word_1_71' title='bbox 751 1064 935 1120; x_wconf 85' lang='lat' dir='ltr'>pugiles,</span> <span class='ocrx_word' id='word_1_72' title='bbox 979 1077 1033 1106; x_wconf 91' lang='lat' dir='ltr'>ne</span> <span class='ocrx_word' id='word_1_73' title='bbox 1065 1062 1251 1118; x_wconf 88' lang='lat' dir='ltr'>pretium</span> <span class='ocrx_word' id='word_1_74' title='bbox 1286 1063 1549 1105; x_wconf 83' lang='lat' dir='ltr'>constituant</span> <span class='ocrx_word' id='word_1_75' title='bbox 1580 1062 1662 1104; x_wconf 86' lang='lat' dir='ltr'>sibi</span> <span class='ocrx_word' id='word_1_76' title='bbox 1694 1074 1881 1110; x_wconf 88' lang='lat' dir='ltr'>causam,</span> 
     </span>
     <span class='ocr_line' id='line_1_13' title="bbox 382 1127 1886 1188; baseline -0.004 -12"><span class='ocrx_word' id='word_1_77' title='bbox 382 1134 482 1188; x_wconf 88' lang='lat' dir='ltr'>quia</span> <span class='ocrx_word' id='word_1_78' title='bbox 526 1147 610 1176; x_wconf 91' lang='lat' dir='ltr'>non</span> <span class='ocrx_word' id='word_1_79' title='bbox 654 1137 756 1175; x_wconf 89' lang='lat' dir='ltr'>tunc</span> <span class='ocrx_word' id='word_1_80' title='bbox 801 1131 1003 1186; x_wconf 90' lang='lat' dir='ltr'>duellum,</span> <span class='ocrx_word' id='word_1_81' title='bbox 1049 1130 1128 1174; x_wconf 82' lang='lat' dir='ltr'>sed&#39;</span> <span class='ocrx_word' id='word_1_82' title='bbox 1158 1131 1296 1172; x_wconf 90' lang='lat' dir='ltr'>forum</span> <span class='ocrx_word' id='word_1_83' title='bbox 1342 1129 1561 1184; x_wconf 84' lang='lat' dir='ltr'>sanguinis</span> <span class='ocrx_word' id='word_1_84' title='bbox 1601 1133 1644 1171; x_wconf 89' lang='lat' dir='ltr'>et</span> <span class='ocrx_word' id='word_1_85' title='bbox 1680 1127 1886 1171; x_wconf 84' lang='lat' dir='ltr'>iniustitie</span> 
     </span>
     <span class='ocr_line' id='line_1_14' title="bbox 331 1194 1952 1255; baseline -0.006 -9"><span class='ocrx_word' id='word_1_86' title='bbox 331 1220 368 1246; x_wconf 80' lang='lat'>54</span> <span class='ocrx_word' id='word_1_87' title='bbox 382 1201 611 1246; x_wconf 88' lang='lat' dir='ltr'>dicendum</span> <span class='ocrx_word' id='word_1_88' title='bbox 642 1205 774 1255; x_wconf 82' lang='lat' dir='ltr'>esset3</span> <span class='ocrx_word' id='word_1_89' title='bbox 807 1214 887 1243; x_wconf 90' lang='lat' dir='ltr'>nec</span> <span class='ocrx_word' id='word_1_90' title='bbox 910 1204 1012 1243; x_wconf 90' lang='lat' dir='ltr'>tunc</span> <span class='ocrx_word' id='word_1_91' title='bbox 1045 1200 1205 1242; x_wconf 85' lang='lat' dir='ltr'>arbiter</span> <span class='ocrx_word' id='word_1_92' title='bbox 1240 1198 1345 1241; x_wconf 89' lang='lat' dir='ltr'>deus</span> <span class='ocrx_word' id='word_1_93' title='bbox 1377 1197 1529 1240; x_wconf 88' lang='lat' dir='ltr'>adesse</span> <span class='ocrx_word' id='word_1_94' title='bbox 1562 1195 1773 1245; x_wconf 88' lang='lat' dir='ltr'>credatur,</span> <span class='ocrx_word' id='word_1_95' title='bbox 1807 1194 1885 1239; x_wconf 90' lang='lat' dir='ltr'>sed</span> <span class='ocrx_word' id='word_1_96' title='bbox 1946 1229 1952 1234; x_wconf 96' lang='lat'>.</span> 
     </span>
     <span class='ocr_line' id='line_1_15' title="bbox 380 1264 1885 1324; baseline -0.005 -11"><span class='ocrx_word' id='word_1_97' title='bbox 380 1270 452 1313; x_wconf 90' lang='lat' dir='ltr'>ille</span> <span class='ocrx_word' id='word_1_98' title='bbox 492 1270 695 1324; x_wconf 87' lang='lat' dir='ltr'>antiquus</span> <span class='ocrx_word' id='word_1_99' title='bbox 735 1269 885 1318; x_wconf 87' lang='lat' dir='ltr'>hostis,</span> <span class='ocrx_word' id='word_1_100' title='bbox 936 1269 1007 1322; x_wconf 91' lang='lat' dir='ltr'>qui</span> <span class='ocrx_word' id='word_1_101' title='bbox 1047 1267 1175 1322; x_wconf 89' lang='lat' dir='ltr'>litigii</span> <span class='ocrx_word' id='word_1_102' title='bbox 1208 1267 1351 1309; x_wconf 85' lang='lat' dir='ltr'>fuerat</span> <span class='ocrx_word' id='word_1_103' title='bbox 1382 1278 1621 1322; x_wconf 87' lang='lat' dir='ltr'>persuasor.</span> <span class='ocrx_word' id='word_1_104' title='bbox 1684 1264 1885 1307; x_wconf 84' lang='lat' dir='ltr'>Habeant</span> 
     </span>
    </p>
   </div>
   <div class='ocr_carea' id='block_1_3' title="bbox 383 1330 1978 1393">
    <p class='ocr_par' dir='ltr' id='par_1_3' title="bbox 383 1330 1978 1393">
     <span class='ocr_line' id='line_1_16' title="bbox 383 1330 1978 1393; baseline -0.005 -12"><span class='ocrx_word' id='word_1_105' title='bbox 383 1351 566 1393; x_wconf 88' lang='lat' dir='ltr'>semper,</span> <span class='ocrx_word' id='word_1_106' title='bbox 599 1338 635 1380; x_wconf 87' lang='lat' dir='ltr'>si</span> <span class='ocrx_word' id='word_1_107' title='bbox 669 1336 905 1379; x_wconf 88' lang='lat' dir='ltr'>duelliones</span> <span class='ocrx_word' id='word_1_108' title='bbox 938 1349 1031 1379; x_wconf 87' lang='lat' dir='ltr'>esse</span> <span class='ocrx_word' id='word_1_109' title='bbox 1065 1335 1224 1387; x_wconf 88' lang='lat' dir='ltr'>uolunt,</span> <span class='ocrx_word' id='word_1_110' title='bbox 1257 1348 1341 1377; x_wconf 92' lang='lat' dir='ltr'>non</span> <span class='ocrx_word' id='word_1_111' title='bbox 1371 1333 1591 1388; x_wconf 87' lang='lat' dir='ltr'>sanguinis</span> <span class='ocrx_word' id='word_1_112' title='bbox 1614 1336 1656 1375; x_wconf 88' lang='lat' dir='ltr'>et</span> <span class='ocrx_word' id='word_1_113' title='bbox 1677 1330 1884 1381; x_wconf 84' lang='lat' dir='ltr'>iniustitie</span> <span class='ocrx_word' id='word_1_114' title='bbox 1958 1378 1978 1385; x_wconf 10' lang='grc' dir='ltr'>ἃ</span> 
     </span>
    </p>
   </div>
   <div class='ocr_carea' id='block_1_4' title="bbox 332 1400 1887 1866">
    <p class='ocr_par' dir='ltr' id='par_1_4' title="bbox 333 1400 1884 1529">
     <span class='ocr_line' id='line_1_17' title="bbox 333 1400 1884 1459; baseline -0.006 -8"><span class='ocrx_word' id='word_1_115' title='bbox 333 1425 367 1451; x_wconf 76' lang='lat'>⁵7</span> <span class='ocrx_word' id='word_1_116' title='bbox 382 1408 656 1459; x_wconf 86' lang='lat' dir='ltr'>mercatores,</span> <span class='ocrx_word' id='word_1_117' title='bbox 705 1405 749 1447; x_wconf 93' lang='lat' dir='ltr'>in</span> <span class='ocrx_word' id='word_1_118' title='bbox 787 1403 926 1446; x_wconf 88' lang='lat' dir='ltr'>hostio</span> <span class='ocrx_word' id='word_1_119' title='bbox 965 1403 1150 1459; x_wconf 86' lang='lat' dir='ltr'>palestre</span> <span class='ocrx_word' id='word_1_120' title='bbox 1192 1407 1291 1444; x_wconf 88' lang='lat' dir='ltr'>ante</span> <span class='ocrx_word' id='word_1_121' title='bbox 1326 1401 1472 1444; x_wconf 87' lang='lat' dir='ltr'>oeulos</span> <span class='ocrx_word' id='word_1_122' title='bbox 1505 1401 1670 1442; x_wconf 90' lang='lat' dir='ltr'>Pirrum</span> <span class='ocrx_word' id='word_1_123' title='bbox 1702 1400 1775 1454; x_wconf 92' lang='lat' dir='ltr'>qui</span> <span class='ocrx_word' id='word_1_124' title='bbox 1807 1412 1884 1455; x_wconf 92' lang='lat' dir='ltr'>pro</span> 
     </span>
     <span class='ocr_line' id='line_1_18' title="bbox 383 1468 1834 1529; baseline -0.004 -13"><span class='ocrx_word' id='word_1_125' title='bbox 383 1473 562 1529; x_wconf 90' lang='lat' dir='ltr'>imperio</span> <span class='ocrx_word' id='word_1_126' title='bbox 595 1471 857 1515; x_wconf 89' lang='lat' dir='ltr'>decertando</span> <span class='ocrx_word' id='word_1_127' title='bbox 890 1473 953 1514; x_wconf 86' lang='lat' dir='ltr'>sic</span> <span class='ocrx_word' id='word_1_128' title='bbox 985 1485 1134 1514; x_wconf 91' lang='lat' dir='ltr'>aurum</span> <span class='ocrx_word' id='word_1_129' title='bbox 1166 1470 1447 1525; x_wconf 88' lang='lat' dir='ltr'>despiciebat,</span> <span class='ocrx_word' id='word_1_130' title='bbox 1480 1473 1527 1511; x_wconf 90' lang='lat' dir='ltr'>ut</span> <span class='ocrx_word' id='word_1_131' title='bbox 1559 1468 1722 1512; x_wconf 90' lang='lat' dir='ltr'>dictum</span> <span class='ocrx_word' id='word_1_132' title='bbox 1754 1472 1834 1511; x_wconf 90' lang='lat' dir='ltr'>est.</span> 
     </span>
    </p>

    <p class='ocr_par' dir='ltr' id='par_1_5' title="bbox 502 1537 1882 1591">
     <span class='ocr_line' id='line_1_19' title="bbox 502 1537 1882 1591; baseline -0.004 -9"><span class='ocrx_word' id='word_1_133' title='bbox 502 1540 627 1591; x_wconf 83' lang='lat' dir='ltr'>Quod</span> <span class='ocrx_word' id='word_1_134' title='bbox 659 1540 694 1582; x_wconf 91' lang='lat' dir='ltr'>si</span> <span class='ocrx_word' id='word_1_135' title='bbox 724 1545 874 1582; x_wconf 88' lang='lat' dir='ltr'>contra</span> <span class='ocrx_word' id='word_1_136' title='bbox 894 1540 1122 1582; x_wconf 89' lang='lat' dir='ltr'>ueritatem</span> <span class='ocrx_word' id='word_1_137' title='bbox 1145 1543 1358 1581; x_wconf 82' lang='lat' dir='ltr'>ostensam</span> <span class='ocrx_word' id='word_1_138' title='bbox 1382 1537 1436 1578; x_wconf 92' lang='lat' dir='ltr'>de</span> <span class='ocrx_word' id='word_1_139' title='bbox 1459 1537 1706 1591; x_wconf 87' lang='lat' dir='ltr'>imparitate</span> <span class='ocrx_word' id='word_1_140' title='bbox 1729 1537 1882 1578; x_wconf 89' lang='lat' dir='ltr'>uirium</span> 
     </span>
    </p>

    <p class='ocr_par' dir='ltr' id='par_1_6' title="bbox 332 1604 1879 1663">
     <span class='ocr_line' id='line_1_20' title="bbox 332 1604 1879 1663; baseline -0.005 -11"><span class='ocrx_word' id='word_1_141' title='bbox 332 1629 370 1654; x_wconf 75' lang='lat' dir='ltr'>eo</span> <span class='ocrx_word' id='word_1_142' title='bbox 382 1610 577 1662; x_wconf 83' lang='lat' dir='ltr'>instetur,</span> <span class='ocrx_word' id='word_1_143' title='bbox 610 1613 656 1650; x_wconf 92' lang='lat' dir='ltr'>ut</span> <span class='ocrx_word' id='word_1_144' title='bbox 688 1608 858 1662; x_wconf 89' lang='lat' dir='ltr'>assolet,</span> <span class='ocrx_word' id='word_1_145' title='bbox 891 1621 969 1663; x_wconf 87' lang='lat' dir='ltr'>per</span> <span class='ocrx_word' id='word_1_146' title='bbox 1000 1607 1223 1650; x_wconf 87' lang='lat' dir='ltr'>uictoriam</span> <span class='ocrx_word' id='word_1_147' title='bbox 1246 1604 1391 1648; x_wconf 88' lang='lat' dir='ltr'>Dauid</span> <span class='ocrx_word' id='word_1_148' title='bbox 1424 1604 1478 1647; x_wconf 94' lang='lat' dir='ltr'>de</span> <span class='ocrx_word' id='word_1_149' title='bbox 1502 1604 1629 1647; x_wconf 86' lang='lat' dir='ltr'>Golia</span> <span class='ocrx_word' id='word_1_150' title='bbox 1659 1604 1879 1646; x_wconf 86' lang='lat' dir='ltr'>obtentam</span> 
     </span>
    </p>

    <p class='ocr_par' dir='ltr' id='par_1_7' title="bbox 383 1671 1884 1730">
     <span class='ocr_line' id='line_1_21' title="bbox 383 1671 1884 1730; baseline -0.004 -11"><span class='ocrx_word' id='word_1_151' title='bbox 383 1677 588 1719; x_wconf 89' lang='lat' dir='ltr'>instantia</span> <span class='ocrx_word' id='word_1_152' title='bbox 621 1676 855 1719; x_wconf 89' lang='lat' dir='ltr'>refellatur.</span> <span class='ocrx_word' id='word_1_153' title='bbox 918 1676 973 1718; x_wconf 90' lang='lat' dir='ltr'>Et</span> <span class='ocrx_word' id='word_1_154' title='bbox 1005 1676 1040 1718; x_wconf 90' lang='lat' dir='ltr'>si</span> <span class='ocrx_word' id='word_1_155' title='bbox 1072 1675 1255 1730; x_wconf 88' lang='lat' dir='ltr'>gentiles</span> <span class='ocrx_word' id='word_1_156' title='bbox 1287 1672 1404 1716; x_wconf 89' lang='lat' dir='ltr'>aliud</span> <span class='ocrx_word' id='word_1_157' title='bbox 1436 1675 1644 1728; x_wconf 86' lang='lat' dir='ltr'>peterent,</span> <span class='ocrx_word' id='word_1_158' title='bbox 1683 1671 1884 1714; x_wconf 80' lang='lat' dir='ltr'>refellant</span> 
     </span>
    </p>

    <p class='ocr_par' dir='ltr' id='par_1_8' title="bbox 384 1739 1887 1800">
     <span class='ocr_line' id='line_1_22' title="bbox 384 1739 1887 1800; baseline -0.005 -13"><span class='ocrx_word' id='word_1_159' title='bbox 384 1747 521 1800; x_wconf 88' lang='lat' dir='ltr'>ipsam</span> <span class='ocrx_word' id='word_1_160' title='bbox 546 1757 621 1800; x_wconf 93' lang='lat' dir='ltr'>per</span> <span class='ocrx_word' id='word_1_161' title='bbox 644 1743 870 1786; x_wconf 90' lang='lat' dir='ltr'>uictoriam</span> <span class='ocrx_word' id='word_1_162' title='bbox 889 1743 1087 1786; x_wconf 85' lang='lat' dir='ltr'>Herculis</span> <span class='ocrx_word' id='word_1_163' title='bbox 1117 1743 1161 1784; x_wconf 91' lang='lat' dir='ltr'>in</span> <span class='ocrx_word' id='word_1_164' title='bbox 1183 1741 1410 1784; x_wconf 90' lang='lat' dir='ltr'>Antheum.</span> <span class='ocrx_word' id='word_1_165' title='bbox 1475 1739 1660 1782; x_wconf 89' lang='lat' dir='ltr'>Stultum</span> <span class='ocrx_word' id='word_1_166' title='bbox 1690 1739 1802 1781; x_wconf 89' lang='lat' dir='ltr'>enim</span> <span class='ocrx_word' id='word_1_167' title='bbox 1823 1741 1887 1781; x_wconf 87' lang='lat' dir='ltr'>est</span> 
     </span>
    </p>

    <p class='ocr_par' dir='ltr' id='par_1_9' title="bbox 333 1804 1884 1866">
     <span class='ocr_line' id='line_1_23' title="bbox 333 1804 1884 1866; baseline -0.006 -9"><span class='ocrx_word' id='word_1_168' title='bbox 333 1832 368 1859; x_wconf 72' lang='lat' dir='ltr'>sa</span> <span class='ocrx_word' id='word_1_169' title='bbox 385 1812 512 1856; x_wconf 89' lang='lat' dir='ltr'>ualde</span> <span class='ocrx_word' id='word_1_170' title='bbox 545 1813 658 1855; x_wconf 87' lang='lat' dir='ltr'>uires</span> <span class='ocrx_word' id='word_1_171' title='bbox 691 1826 798 1866; x_wconf 88' lang='lat' dir='ltr'>quas</span> <span class='ocrx_word' id='word_1_172' title='bbox 830 1811 935 1854; x_wconf 84' lang='lat' dir='ltr'>deus</span> <span class='ocrx_word' id='word_1_173' title='bbox 962 1810 1191 1863; x_wconf 83' lang='lat' dir='ltr'>confortat,</span> <span class='ocrx_word' id='word_1_174' title='bbox 1225 1809 1451 1852; x_wconf 87' lang='lat' dir='ltr'>inferiores</span> <span class='ocrx_word' id='word_1_175' title='bbox 1483 1806 1628 1863; x_wconf 90' lang='lat' dir='ltr'>pugile</span> <span class='ocrx_word' id='word_1_176' title='bbox 1660 1804 1884 1862; x_wconf 86' lang='lat' dir='ltr'>suspicari.</span> 
     </span>
    </p>
   </div>
   <div class='ocr_carea' id='block_1_5' title="bbox 504 1898 1888 1951">
    <p class='ocr_par' dir='ltr' id='par_1_10' title="bbox 504 1898 1888 1951">
     <span class='ocr_line' id='line_1_24' title="bbox 504 1898 1888 1951; baseline -0.005 -10"><span class='ocrx_word' id='word_1_177' title='bbox 504 1906 551 1941; x_wconf 78' lang='lat'>42</span> <span class='ocrx_word' id='word_1_178' title='bbox 577 1906 710 1951; x_wconf 90' lang='lat' dir='ltr'>inquit</span> <span class='ocrx_word' id='word_1_179' title='bbox 736 1904 900 1940; x_wconf 83' lang='lat' dir='ltr'>om.AT</span> <span class='ocrx_word' id='word_1_180' title='bbox 910 1905 989 1940; x_wconf 87' lang='lat' dir='ltr'>edd</span> <span class='ocrx_word' id='word_1_181' title='bbox 1062 1904 1196 1948; x_wconf 88' lang='lat' dir='ltr'>inquit</span> <span class='ocrx_word' id='word_1_182' title='bbox 1223 1913 1367 1938; x_wconf 86' lang='lat' dir='ltr'>aurum</span> <span class='ocrx_word' id='word_1_183' title='bbox 1385 1902 1537 1938; x_wconf 83' lang='lat' dir='ltr'><strong><em>BELV</em></strong></span> <span class='ocrx_word' id='word_1_184' title='bbox 1623 1911 1699 1936; x_wconf 83' lang='lat' dir='ltr'>nec</span> <span class='ocrx_word' id='word_1_185' title='bbox 1723 1898 1762 1936; x_wconf 78' lang='lat' dir='ltr'>ih</span> <span class='ocrx_word' id='word_1_186' title='bbox 1788 1899 1888 1945; x_wconf 87' lang='lat' dir='ltr'>pr·B</span> 
     </span>
    </p>
   </div>
   <div class='ocr_carea' id='block_1_6' title="bbox 386 1955 1995 2006">
    <p class='ocr_par' dir='ltr' id='par_1_11' title="bbox 386 1955 1995 2006">
     <span class='ocr_line' id='line_1_25' title="bbox 386 1955 1995 2006; baseline -0.006 -8"><span class='ocrx_word' id='word_1_187' title='bbox 386 1963 474 1998; x_wconf 90' lang='lat' dir='ltr'>DH</span> <span class='ocrx_word' id='word_1_188' title='bbox 478 1963 518 2006; x_wconf 93' lang='lat' dir='ltr'>V,</span> <span class='ocrx_word' id='word_1_189' title='bbox 545 1973 621 1997; x_wconf 86' lang='lat' dir='ltr'>nec</span> <span class='ocrx_word' id='word_1_190' title='bbox 640 1962 759 1997; x_wconf 84' lang='lat' dir='ltr'>michi</span> <span class='ocrx_word' id='word_1_191' title='bbox 778 1961 1033 2006; x_wconf 84' lang='lat' dir='ltr'>pr-AEFLT</span> <span class='ocrx_word' id='word_1_192' title='bbox 1107 1959 1154 1994; x_wconf 87' lang='lat'>43</span> <span class='ocrx_word' id='word_1_193' title='bbox 1180 1958 1276 2004; x_wconf 92' lang='lat' dir='ltr'>non]</span> <span class='ocrx_word' id='word_1_194' title='bbox 1294 1968 1345 1993; x_wconf 93' lang='lat' dir='ltr'>ne</span> <span class='ocrx_word' id='word_1_195' title='bbox 1360 1958 1444 1993; x_wconf 94' lang='lat' dir='ltr'>DV</span> <span class='ocrx_word' id='word_1_196' title='bbox 1517 1955 1891 2002; x_wconf 66' lang='lat' dir='ltr'>belligerantesAE</span> <span class='ocrx_word' id='word_1_197' title='bbox 1916 1964 1918 1966; x_wconf 73' lang='grc'>’</span> <span class='ocrx_word' id='word_1_198' title='bbox 1991 1956 1995 1966; x_wconf 94' lang='grc'><strong>“</strong></span> 
     </span>
    </p>
   </div>
   <div class='ocr_carea' id='block_1_7' title="bbox 386 2011 1895 2337">
    <p class='ocr_par' dir='ltr' id='par_1_12' title="bbox 386 2011 1895 2175">
     <span class='ocr_line' id='line_1_26' title="bbox 386 2011 1895 2064; baseline -0.006 -9"><span class='ocrx_word' id='word_1_199' title='bbox 386 2020 433 2054; x_wconf 86' lang='grc'>44</span> <span class='ocrx_word' id='word_1_200' title='bbox 458 2023 586 2064; x_wconf 86' lang='lat' dir='ltr'>utque</span> <span class='ocrx_word' id='word_1_201' title='bbox 612 2018 662 2061; x_wconf 91' lang='lat' dir='ltr'>D,</span> <span class='ocrx_word' id='word_1_202' title='bbox 690 2022 799 2053; x_wconf 86' lang='lat' dir='ltr'>uter·</span> <span class='ocrx_word' id='word_1_203' title='bbox 814 2017 860 2061; x_wconf 88' lang='lat' dir='ltr'>E,</span> <span class='ocrx_word' id='word_1_204' title='bbox 890 2017 965 2052; x_wconf 87' lang='lat' dir='ltr'>uti·</span> <span class='ocrx_word' id='word_1_205' title='bbox 979 2017 1025 2060; x_wconf 87' lang='lat' dir='ltr'>F,</span> <span class='ocrx_word' id='word_1_206' title='bbox 1055 2016 1180 2051; x_wconf 85' lang='lat' dir='ltr'>vtrin-</span> <span class='ocrx_word' id='word_1_207' title='bbox 1196 2015 1243 2049; x_wconf 93' lang='lat' dir='ltr'><em>M</em></span> <span class='ocrx_word' id='word_1_208' title='bbox 1544 2012 1592 2047; x_wconf 86' lang='lat'>45</span> <span class='ocrx_word' id='word_1_209' title='bbox 1617 2022 1743 2048; x_wconf 86' lang='lat' dir='ltr'>nosne</span> <span class='ocrx_word' id='word_1_210' title='bbox 1767 2011 1895 2047; x_wconf 87' lang='lat' dir='ltr'>DHV</span> 
     </span>
     <span class='ocr_line' id='line_1_27' title="bbox 386 2067 1886 2120; baseline -0.006 -9"><span class='ocrx_word' id='word_1_211' title='bbox 386 2074 511 2120; x_wconf 89' lang='lat' dir='ltr'>Hera]</span> <span class='ocrx_word' id='word_1_212' title='bbox 538 2076 688 2110; x_wconf 85' lang='lat' dir='ltr'>ferrum</span> <span class='ocrx_word' id='word_1_213' title='bbox 715 2074 766 2119; x_wconf 87' lang='lat' dir='ltr'>D,</span> <span class='ocrx_word' id='word_1_214' title='bbox 792 2074 894 2108; x_wconf 89' lang='lat' dir='ltr'>hora</span> <span class='ocrx_word' id='word_1_215' title='bbox 919 2073 965 2116; x_wconf 89' lang='grc' dir='ltr'>Ε,</span> <span class='ocrx_word' id='word_1_216' title='bbox 993 2073 1082 2107; x_wconf 89' lang='lat' dir='ltr'>hem</span> <span class='ocrx_word' id='word_1_217' title='bbox 1110 2071 1145 2105; x_wconf 92' lang='lat' dir='ltr'><em>L</em></span> <span class='ocrx_word' id='word_1_218' title='bbox 1239 2070 1390 2116; x_wconf 89' lang='lat' dir='ltr'>quidne</span> <span class='ocrx_word' id='word_1_219' title='bbox 1416 2068 1575 2104; x_wconf 83' lang='lat' dir='ltr'>ADFH</span> <span class='ocrx_word' id='word_1_220' title='bbox 1679 2067 1729 2103; x_wconf 78' lang='lat'>46</span> <span class='ocrx_word' id='word_1_221' title='bbox 1761 2067 1886 2103; x_wconf 82' lang='lat' dir='ltr'>Verba</span> 
     </span>
     <span class='ocr_line' id='line_1_28' title="bbox 387 2120 1792 2175; baseline -0.009 -8"><span class='ocrx_word' id='word_1_222' title='bbox 387 2132 437 2167; x_wconf 87' lang='lat' dir='ltr'>Et</span> <span class='ocrx_word' id='word_1_223' title='bbox 468 2132 546 2166; x_wconf 89' lang='lat' dir='ltr'>hoc</span> <span class='ocrx_word' id='word_1_224' title='bbox 578 2131 695 2166; x_wconf 89' lang='lat' dir='ltr'>simul</span> <span class='ocrx_word' id='word_1_225' title='bbox 731 2130 871 2175; x_wconf 87' lang='lat' dir='ltr'>accipe</span> <span class='ocrx_word' id='word_1_226' title='bbox 899 2129 1051 2164; x_wconf 77' lang='lat' dir='ltr'>dictum</span> <span class='ocrx_word' id='word_1_227' title='bbox 1077 2139 1102 2163; x_wconf 90' lang='lat' dir='ltr'>a</span> <span class='ocrx_word' id='word_1_228' title='bbox 1128 2128 1263 2162; x_wconf 83' lang='lat' dir='ltr'>Dante</span> <span class='ocrx_word' id='word_1_229' title='bbox 1290 2125 1444 2162; x_wconf 80' lang='lat' dir='ltr'>omissa</span> <span class='ocrx_word' id='word_1_230' title='bbox 1468 2122 1630 2159; x_wconf 84' lang='lat' dir='ltr'>addunt</span> <span class='ocrx_word' id='word_1_231' title='bbox 1654 2120 1792 2156; x_wconf 85' lang='lat' dir='ltr'>Medd</span> 
     </span>
    </p>

    <p class='ocr_par' dir='ltr' id='par_1_13' title="bbox 387 2174 1895 2337">
     <span class='ocr_line' id='line_1_29' title="bbox 387 2174 1895 2229; baseline -0.009 -7"><span class='ocrx_word' id='word_1_232' title='bbox 387 2188 434 2224; x_wconf 83' lang='lat'>47</span> <span class='ocrx_word' id='word_1_233' title='bbox 459 2189 653 2223; x_wconf 89' lang='lat' dir='ltr'>uirtutem</span> <span class='ocrx_word' id='word_1_234' title='bbox 678 2187 729 2229; x_wconf 89' lang='lat' dir='ltr'>D,</span> <span class='ocrx_word' id='word_1_235' title='bbox 767 2189 821 2221; x_wconf 89' lang='lat' dir='ltr'>-te</span> <span class='ocrx_word' id='word_1_236' title='bbox 849 2186 922 2221; x_wconf 81' lang='lat' dir='ltr'>FG-</span> <span class='ocrx_word' id='word_1_237' title='bbox 1068 2185 1115 2219; x_wconf 89' lang='grc'>48</span> <span class='ocrx_word' id='word_1_238' title='bbox 1141 2183 1367 2219; x_wconf 85' lang='lat' dir='ltr'>horundem</span> <span class='ocrx_word' id='word_1_239' title='bbox 1393 2182 1483 2225; x_wconf 89' lang='lat' dir='ltr'>KM,</span> <span class='ocrx_word' id='word_1_240' title='bbox 1522 2177 1827 2221; x_wconf 87' lang='lat' dir='ltr'>eorundemque</span> <span class='ocrx_word' id='word_1_241' title='bbox 1858 2174 1895 2210; x_wconf 88' lang='lat' dir='ltr'><strong><em>V</em></strong></span> 
     </span>
     <span class='ocr_line' id='line_1_30' title="bbox 388 2231 1889 2287; baseline -0.009 -9"><span class='ocrx_word' id='word_1_242' title='bbox 388 2244 435 2278; x_wconf 86' lang='lat'>49</span> <span class='ocrx_word' id='word_1_243' title='bbox 462 2244 501 2278; x_wconf 92' lang='lat' dir='ltr'>d·</span> <span class='ocrx_word' id='word_1_244' title='bbox 517 2243 558 2277; x_wconf 88' lang='lat' dir='ltr'>d·</span> <span class='ocrx_word' id='word_1_245' title='bbox 573 2254 650 2278; x_wconf 85' lang='lat' dir='ltr'>om.</span> <span class='ocrx_word' id='word_1_246' title='bbox 666 2243 705 2277; x_wconf 94' lang='lat' dir='ltr'>D</span> <span class='ocrx_word' id='word_1_247' title='bbox 789 2242 836 2277; x_wconf 91' lang='lat'>50</span> <span class='ocrx_word' id='word_1_248' title='bbox 862 2251 989 2287; x_wconf 90' lang='lat' dir='ltr'>purus</span> <span class='ocrx_word' id='word_1_249' title='bbox 1014 2241 1140 2276; x_wconf 86' lang='lat' dir='ltr'>DEM</span> <span class='ocrx_word' id='word_1_250' title='bbox 1195 2249 1329 2275; x_wconf 86' lang='lat' dir='ltr'>eream</span> <span class='ocrx_word' id='word_1_251' title='bbox 1355 2237 1522 2273; x_wconf 81' lang='lat' dir='ltr'>uocabit</span> <span class='ocrx_word' id='word_1_252' title='bbox 1545 2234 1597 2278; x_wconf 94' lang='lat' dir='ltr'>D,</span> <span class='ocrx_word' id='word_1_253' title='bbox 1624 2233 1800 2269; x_wconf 85' lang='lat' dir='ltr'>uocabat</span> <span class='ocrx_word' id='word_1_254' title='bbox 1824 2231 1889 2266; x_wconf 90' lang='lat' dir='ltr'>he-</span> 
     </span>
     <span class='ocr_line' id='line_1_31' title="bbox 388 2289 1890 2337; baseline -0.009 -2"><span class='ocrx_word' id='word_1_255' title='bbox 388 2310 475 2335; x_wconf 87' lang='lat' dir='ltr'>ram</span> <span class='ocrx_word' id='word_1_256' title='bbox 490 2299 603 2335; x_wconf 79' lang='lat' dir='ltr'>BGL</span> <span class='ocrx_word' id='word_1_257' title='bbox 652 2298 859 2334; x_wconf 88' lang='lat' dir='ltr'>uocabant</span> <span class='ocrx_word' id='word_1_258' title='bbox 881 2297 969 2332; x_wconf 71' lang='grc' dir='ltr'>ΡΜ</span> <span class='ocrx_word' id='word_1_259' title='bbox 1033 2306 1197 2331; x_wconf 87' lang='lat' dir='ltr'>causam</span> <span class='ocrx_word' id='word_1_260' title='bbox 1224 2305 1299 2330; x_wconf 89' lang='lat' dir='ltr'>om.</span> <span class='ocrx_word' id='word_1_261' title='bbox 1316 2295 1367 2337; x_wconf 91' lang='lat' dir='ltr'>D,</span> <span class='ocrx_word' id='word_1_262' title='bbox 1389 2298 1524 2328; x_wconf 88' lang='lat' dir='ltr'>tamen</span> <span class='ocrx_word' id='word_1_263' title='bbox 1545 2292 1580 2327; x_wconf 90' lang='lat' dir='ltr'><strong><em>V</em></strong></span> <span class='ocrx_word' id='word_1_264' title='bbox 1648 2289 1692 2324; x_wconf 78' lang='lat'>51</span> <span class='ocrx_word' id='word_1_265' title='bbox 1720 2297 1794 2323; x_wconf 92' lang='lat' dir='ltr'>nos</span> <span class='ocrx_word' id='word_1_266' title='bbox 1811 2295 1890 2322; x_wconf 83' lang='lat' dir='ltr'>me—</span> 
     </span>
    </p>
   </div>
   <div class='ocr_carea' id='block_1_8' title="bbox 390 2343 1991 2399">
    <p class='ocr_par' dir='ltr' id='par_1_14' title="bbox 390 2343 1991 2399">
     <span class='ocr_line' id='line_1_32' title="bbox 390 2343 1991 2399; baseline -0.009 -8"><span class='ocrx_word' id='word_1_267' title='bbox 390 2357 467 2391; x_wconf 89' lang='lat' dir='ltr'>lius</span> <span class='ocrx_word' id='word_1_268' title='bbox 481 2360 521 2391; x_wconf 86' lang='lat' dir='ltr'>et</span> <span class='ocrx_word' id='word_1_269' title='bbox 535 2356 686 2390; x_wconf 87' lang='lat' dir='ltr'>rectius</span> <span class='ocrx_word' id='word_1_270' title='bbox 700 2355 750 2399; x_wconf 93' lang='lat' dir='ltr'>D,</span> <span class='ocrx_word' id='word_1_271' title='bbox 768 2374 811 2378; x_wconf 88' lang='lat'>—-</span> <span class='ocrx_word' id='word_1_272' title='bbox 828 2354 977 2388; x_wconf 85' lang='lat' dir='ltr'>certius</span> <span class='ocrx_word' id='word_1_273' title='bbox 993 2353 1038 2387; x_wconf 92' lang='lat' dir='ltr'><em>H</em></span> <span class='ocrx_word' id='word_1_274' title='bbox 1126 2352 1172 2386; x_wconf 81' lang='lat'>52</span> <span class='ocrx_word' id='word_1_275' title='bbox 1186 2351 1317 2396; x_wconf 86' lang='lat' dir='ltr'>pretio</span> <span class='ocrx_word' id='word_1_276' title='bbox 1339 2349 1374 2385; x_wconf 85' lang='lat' dir='ltr'>G&#39;</span> <span class='ocrx_word' id='word_1_277' title='bbox 1387 2348 1467 2385; x_wconf 86' lang='lat' dir='ltr'>edd</span> <span class='ocrx_word' id='word_1_278' title='bbox 1555 2346 1602 2381; x_wconf 88' lang='lat'>53</span> <span class='ocrx_word' id='word_1_279' title='bbox 1619 2344 1772 2381; x_wconf 86' lang='lat' dir='ltr'>iustitie</span> <span class='ocrx_word' id='word_1_280' title='bbox 1786 2343 1889 2378; x_wconf 84' lang='lat' dir='ltr'>codd</span> <span class='ocrx_word' id='word_1_281' title='bbox 1952 2356 1962 2367; x_wconf 52' lang='grc' dir='ltr'><strong>ν</strong></span> <span class='ocrx_word' id='word_1_282' title='bbox 1974 2378 1991 2390; x_wconf 54' lang='lat'>„</span> 
     </span>
    </p>
   </div>
   <div class='ocr_carea' id='block_1_9' title="bbox 388 2398 1894 2626">
    <p class='ocr_par' dir='ltr' id='par_1_15' title="bbox 388 2398 1894 2626">
     <span class='ocr_line' id='line_1_33' title="bbox 388 2398 1891 2457; baseline -0.011 -9"><span class='ocrx_word' id='word_1_283' title='bbox 388 2413 552 2457; x_wconf 85' lang='lat' dir='ltr'>praeter</span> <span class='ocrx_word' id='word_1_284' title='bbox 570 2410 724 2447; x_wconf 80' lang='lat' dir='ltr'>DGFic</span> <span class='ocrx_word' id='word_1_285' title='bbox 837 2410 884 2445; x_wconf 83' lang='lat'>56</span> <span class='ocrx_word' id='word_1_286' title='bbox 910 2409 1112 2454; x_wconf 86' lang='lat' dir='ltr'>sanguine</span> <span class='ocrx_word' id='word_1_287' title='bbox 1127 2406 1359 2442; x_wconf 83' lang='lat' dir='ltr'><strong><em>AEFHLV</em></strong></span> <span class='ocrx_word' id='word_1_288' title='bbox 1426 2403 1580 2439; x_wconf 88' lang='lat' dir='ltr'>iustitie</span> <span class='ocrx_word' id='word_1_289' title='bbox 1605 2399 1710 2437; x_wconf 88' lang='lat' dir='ltr'>codd</span> <span class='ocrx_word' id='word_1_290' title='bbox 1723 2398 1891 2445; x_wconf 81' lang='lat' dir='ltr'>praeter</span> 
     </span>
     <span class='ocr_line' id='line_1_34' title="bbox 391 2454 1894 2513; baseline -0.01 -9"><span class='ocrx_word' id='word_1_291' title='bbox 391 2467 467 2504; x_wconf 82' lang='lat' dir='ltr'>Fic</span> <span class='ocrx_word' id='word_1_292' title='bbox 541 2468 586 2504; x_wconf 85' lang='lat'>57</span> <span class='ocrx_word' id='word_1_293' title='bbox 613 2470 736 2513; x_wconf 76' lang='lat' dir='ltr'>ipurfl</span> <span class='ocrx_word' id='word_1_294' title='bbox 752 2467 791 2501; x_wconf 95' lang='lat' dir='ltr'>D</span> <span class='ocrx_word' id='word_1_295' title='bbox 911 2465 958 2500; x_wconf 92' lang='grc'>60</span> <span class='ocrx_word' id='word_1_296' title='bbox 985 2464 1087 2500; x_wconf 86' lang='lat' dir='ltr'>Gl&#39;ia</span> <span class='ocrx_word' id='word_1_297' title='bbox 1102 2464 1152 2508; x_wconf 92' lang='lat' dir='ltr'>D,</span> <span class='ocrx_word' id='word_1_298' title='bbox 1180 2463 1312 2508; x_wconf 86' lang='lat' dir='ltr'>gloria</span> <span class='ocrx_word' id='word_1_299' title='bbox 1335 2462 1369 2496; x_wconf 93' lang='lat' dir='ltr'><em>T</em></span> <span class='ocrx_word' id='word_1_300' title='bbox 1492 2461 1659 2504; x_wconf 85' lang='lat' dir='ltr'>optenta</span> <span class='ocrx_word' id='word_1_301' title='bbox 1673 2456 1724 2504; x_wconf 90' lang='lat' dir='ltr'>D,</span> <span class='ocrx_word' id='word_1_302' title='bbox 1750 2455 1837 2491; x_wconf 85' lang='lat' dir='ltr'>obt·</span> <span class='ocrx_word' id='word_1_303' title='bbox 1853 2454 1894 2489; x_wconf 84' lang='lat' dir='ltr'><strong><em>E</em></strong></span> 
     </span>
     <span class='ocr_line' id='line_1_35' title="bbox 391 2509 1890 2569; baseline -0.01 -9"><span class='ocrx_word' id='word_1_304' title='bbox 391 2525 438 2560; x_wconf 82' lang='grc'>61</span> <span class='ocrx_word' id='word_1_305' title='bbox 465 2524 684 2569; x_wconf 84' lang='lat' dir='ltr'>repellatur</span> <span class='ocrx_word' id='word_1_306' title='bbox 709 2522 794 2565; x_wconf 87' lang='lat' dir='ltr'>AF,</span> <span class='ocrx_word' id='word_1_307' title='bbox 818 2523 927 2557; x_wconf 90' lang='lat' dir='ltr'>-litur</span> <span class='ocrx_word' id='word_1_308' title='bbox 955 2520 1001 2564; x_wconf 82' lang='lat' dir='ltr'>G,</span> <span class='ocrx_word' id='word_1_309' title='bbox 1027 2518 1229 2555; x_wconf 80' lang='lat' dir='ltr'>referatur</span> <span class='ocrx_word' id='word_1_310' title='bbox 1257 2517 1307 2552; x_wconf 92' lang='lat' dir='ltr'><em>M</em></span> <span class='ocrx_word' id='word_1_311' title='bbox 1348 2532 1355 2538; x_wconf 94' lang='lat'>·</span> <span class='ocrx_word' id='word_1_312' title='bbox 1391 2515 1502 2551; x_wconf 88' lang='lat' dir='ltr'>aliud</span> <span class='ocrx_word' id='word_1_313' title='bbox 1528 2509 1776 2550; x_wconf 81' lang='lat' dir='ltr'>DEGVFic</span> <span class='ocrx_word' id='word_1_314' title='bbox 1800 2509 1890 2553; x_wconf 89' lang='lat' dir='ltr'>edd,</span> 
     </span>
     <span class='ocr_line' id='line_1_36' title="bbox 395 2565 1890 2626; baseline -0.01 -10"><span class='ocrx_word' id='word_1_315' title='bbox 395 2581 547 2626; x_wconf 84' lang='lat' dir='ltr'>aliquid</span> <span class='ocrx_word' id='word_1_316' title='bbox 573 2579 844 2615; x_wconf 81' lang='lat' dir='ltr'><em>ABFHLMT</em></span> <span class='ocrx_word' id='word_1_317' title='bbox 1001 2577 1047 2612; x_wconf 82' lang='lat'>62</span> <span class='ocrx_word' id='word_1_318' title='bbox 1073 2577 1200 2621; x_wconf 86' lang='lat' dir='ltr'>ipsam</span> <span class='ocrx_word' id='word_1_319' title='bbox 1229 2573 1484 2616; x_wconf 84' lang='lat' dir='ltr'>BELTedd,</span> <span class='ocrx_word' id='word_1_320' title='bbox 1522 2572 1653 2616; x_wconf 87' lang='lat' dir='ltr'>ipsum</span> <span class='ocrx_word' id='word_1_321' title='bbox 1679 2565 1890 2609; x_wconf 79' lang='lat' dir='ltr'>FGHMV,</span> 
     </span>
    </p>
   </div>
   <div class='ocr_carea' id='block_1_10' title="bbox 394 2621 1965 2683">
    <p class='ocr_par' dir='ltr' id='par_1_16' title="bbox 394 2621 1965 2683">
     <span class='ocr_line' id='line_1_37' title="bbox 394 2621 1965 2683; baseline -0.011 -10"><span class='ocrx_word' id='word_1_322' title='bbox 394 2638 504 2683; x_wconf 89' lang='lat' dir='ltr'>ipsos</span> <span class='ocrx_word' id='word_1_323' title='bbox 520 2637 594 2671; x_wconf 84' lang='lat' dir='ltr'>AD</span> <span class='ocrx_word' id='word_1_324' title='bbox 657 2640 713 2671; x_wconf 86' lang='lat' dir='ltr'>est</span> <span class='ocrx_word' id='word_1_325' title='bbox 728 2636 833 2671; x_wconf 89' lang='lat' dir='ltr'>enim</span> <span class='ocrx_word' id='word_1_326' title='bbox 850 2634 925 2669; x_wconf 90' lang='lat' dir='ltr'>BD</span> <span class='ocrx_word' id='word_1_327' title='bbox 1028 2633 1074 2667; x_wconf 87' lang='lat'>63</span> <span class='ocrx_word' id='word_1_328' title='bbox 1099 2631 1271 2678; x_wconf 84' lang='lat' dir='ltr'>pugilles</span> <span class='ocrx_word' id='word_1_329' title='bbox 1288 2630 1375 2674; x_wconf 85' lang='lat' dir='ltr'>AD,</span> <span class='ocrx_word' id='word_1_330' title='bbox 1400 2629 1487 2664; x_wconf 89' lang='lat' dir='ltr'>-iles</span> <span class='ocrx_word' id='word_1_331' title='bbox 1512 2628 1565 2670; x_wconf 88' lang='lat' dir='ltr'>M,</span> <span class='ocrx_word' id='word_1_332' title='bbox 1592 2627 1633 2661; x_wconf 90' lang='lat' dir='ltr'>in</span> <span class='ocrx_word' id='word_1_333' title='bbox 1658 2621 1896 2669; x_wconf 69' lang='lat' dir='ltr'>pugileKT</span> <span class='ocrx_word' id='word_1_334' title='bbox 1947 2652 1965 2661; x_wconf 83' lang='lat'>,</span> 
     </span>
    </p>
   </div>
   <div class='ocr_carea' id='block_1_11' title="bbox 516 2707 1668 2755">
    <p class='ocr_par' dir='ltr' id='par_1_17' title="bbox 516 2707 1668 2755">
     <span class='ocr_line' id='line_1_38' title="bbox 516 2707 1668 2755; baseline -0.011 0"><span class='ocrx_word' id='word_1_335' title='bbox 516 2719 658 2755; x_wconf 76' lang='lat'>42—49</span> <span class='ocrx_word' id='word_1_336' title='bbox 684 2718 790 2755; x_wconf 83' lang='lat' dir='ltr'>Sunt</span> <span class='ocrx_word' id='word_1_337' title='bbox 813 2727 957 2753; x_wconf 82' lang='lat' dir='ltr'>versus</span> <span class='ocrx_word' id='word_1_338' title='bbox 983 2713 1112 2751; x_wconf 80' lang='lat' dir='ltr'>Ennii</span> <span class='ocrx_word' id='word_1_339' title='bbox 1138 2726 1163 2750; x_wconf 88' lang='lat' dir='ltr'>a</span> <span class='ocrx_word' id='word_1_340' title='bbox 1192 2712 1377 2750; x_wconf 81' lang='lat' dir='ltr'>Cicerone</span> <span class='ocrx_word' id='word_1_341' title='bbox 1402 2712 1426 2747; x_wconf 90' lang='lat' dir='ltr'>l.</span> <span class='ocrx_word' id='word_1_342' title='bbox 1452 2721 1483 2746; x_wconf 88' lang='lat' dir='ltr'>c.</span> <span class='ocrx_word' id='word_1_343' title='bbox 1509 2707 1668 2745; x_wconf 79' lang='lat' dir='ltr'>traditi.</span> 
     </span>
    </p>
   </div>
  </div>
 </body>
</html>
