2002 3302
553 235 749 274 DANTIS
774 233 1086 272 MONARCHIA
1113 233 1130 268 1
1160 233 1213 268 14.
1584 229 1630 264 31

97 373 101 375 ·
138 349 252 406 quod
285 346 446 402 aliquid
479 346 577 389 fieri
607 348 763 401 potest,
798 358 836 398 a,
870 348 912 387 et
944 344 1028 386 sint
1060 342 1182 398 plura
1214 353 1292 397 per
1323 353 1405 394 que
1437 337 1632 382 similiter
1646 354 1670 380 s.

138 414 244 462 illud
277 417 374 459 fieri
407 420 560 472 potest,
594 428 620 456 a
653 418 695 456 et
727 413 766 455 b.
831 411 876 454 Si
909 424 1011 466 crgo
1043 409 1148 452 illud
1179 411 1293 452 idem
1327 408 1440 462 quod
1473 408 1526 449 fit
1556 420 1633 463 per

139 501 166 530 a
197 490 241 529 ει
271 486 312 534 b,
357 487 498 540 potest
529 482 625 524 fieri
656 494 732 537 per
763 494 791 523 a
823 484 1000 528 tantum,
1046 478 1206 521 frustra
1238 477 1297 519 ibi
1330 477 1558 520 assumitur
1589 476 1630 524 b,

139 555 241 610 quia
273 566 327 596 ex
357 553 491 609 ipsius
522 550 811 606 assumptione
845 548 977 591 nichil
1008 547 1213 601 sequitur,
1247 558 1342 588 cum
1378 545 1495 600 prius
1526 543 1669 586 illude>

140 622 254 666 idem
295 621 433 664 fiebat
477 633 554 675 per
593 633 618 661 a
657 618 805 661 solum.
870 618 925 660 Et
963 629 1056 660 cum
1098 615 1234 657 omnis
1266 614 1365 656 talis
1397 613 1633 668 assumptio

140 679 196 734 sit
227 690 364 733 otiosa
395 690 486 732 siue
518 687 750 754 superflua,
785 690 827 728 ει
859 698 983 728 omne
1015 683 1277 740 superfluum
1302 682 1383 724 deo
1416 687 1460 724 ει
1482 686 1633 723 nature

141 758 410 814 displiceat,
430 761 472 799 et
511 769 634 799 omne
675 754 807 809 quod
826 753 907 796 deo
952 758 995 795 et.
1032 756 1182 794 nature
1215 750 1428 813 displicet,
1462 751 1517 792 sit
1549 763 1633 792 ma·
1648 763 1664 788 9

141 827 240 875 lum,
289 830 335 868 ut
373 824 644 866 manifestum
683 827 747 865 est
786 822 840 864 dc
873 834 932 874 se,
981 820 1170 874 sequitur
1201 833 1285 861 non
1317 820 1451 862 solum
1485 818 1634 861 melius

68 920 71 922 -
141 906 234 938 esse
266 892 361 935 fieri
394 905 470 947 per
501 904 642 944 unum,
690 890 726 932 si
760 889 854 932 fieri
891 894 1046 945 potest,
1093 902 1219 942 quam
1260 889 1357 931 fieri
1388 901 1465 943 per
1496 887 1633 943 plura,

9 1528 55 1793 :ww-rz-

48 964 75 1013 '⁴3
139 959 216 1004 sed
249 959 361 1014 quod
394 959 490 1001 fieri
522 972 598 1014 per
630 971 758 1000 unum
791 963 856 1000 est
893 958 1062 1010 bonum,
1112 970 1190 1012 per
1232 957 1354 1012 plura
1386 955 1690 1012 simpliciterm

139 1029 310 1072 malum.
374 1028 577 1070 Preterca
618 1040 685 1069 res
725 1026 881 1068 dicitur
925 1027 1074 1068 melior
1115 1039 1192 1080 per
1232 1038 1325 1068 esse
1358 1025 1635 1081 propinquior

141 1097 316 1152 optimo,
349 1099 393 1137 et
423 1095 526 1137 finis
558 1095 688 1136 habet
720 1095 927 1135 rationem
958 1094 1126 1149 optimi3
1161 1093 1237 1136 sed
1269 1093 1366 1136 fieri
1399 1106 1475 1148 ρει·
1507 1106 1635 1134 ιιιιιιιιι

142 1169 208 1207 est
239 1163 517 1218 propinquius
548 1162 642 1213 fini,
676 1175 778 1215 ergo
811 1167 876 1204 est
908 1162 1069 1204 melius.
1134 1162 1190 1203 Et
1224 1162 1337 1216 quod
1375 1162 1430 1205 sit
1469 1162 1634 1217 propin·
1651 1173 1692 1198 ιε»

143 1232 280 1286 quius,
314 1234 432 1286 patet
464 1230 547 1273 sic:
582 1230 649 1272 Sit
680 1230 782 1272 finis
814 1244 850 1284 c,
883 1227 979 1272 fieri
1013 1244 1089 1286 per
1120 1244 1246 1272 unum
1281 1244 1321 1284 a,
1353 1244 1429 1285 per
1457 1230 1582 1286 plura
1611 1244 1637 1271 a

144 1303 187 1342 et
221 1300 259 1342 b.
322 1299 598 1340 Manifestum
629 1298 828 1352 estquod
852 1298 1016 1353 longior
1050 1303 1114 1341 est
1145 1300 1216 1340 uia
1239 1300 1292 1341 ab
1316 1314 1341 1341 a
1364 1312 1439 1354 ρει·
1473 1300 1498 1341 b
1531 1299 1574 1340 in
1599 1312 1635 1350 c,

144 1358 268 1422 quam
304 1367 359 1409 ab
392 1382 418 1409 a
450 1372 614 1409 tantum
647 1368 689 1409 in
723 1381 758 1409 c.
825 1367 910 1409 Sed
944 1366 1169 1408 humanum
1207 1379 1341 1421 genus
1374 1371 1514 1422 potest
1546 1368 1635 1422 regi
1653 1381 1686 1405 18

144 1448 221 1491 per
252 1448 377 1477 unum
409 1448 647 1489 supremum
681 1435 932 1490 principem,
967 1436 1038 1488 qui
1073 1440 1137 1477 est
1169 1435 1414 1477 monarcha.

261 1503 442 1557 Propter
469 1502 583 1555 quod
606 1501 914 1544 aduertendum
949 1516 1063 1555 sane,
1099 1503 1213 1562 quod
1241 1517 1334 1545 cum
1359 1503 1530 1556 dicitur,
1564 1503 1637 1545 hu-

65 1587 70 1592 ·
141 1583 310 1612 manum
349 1583 484 1625 genus
524 1574 666 1625 potest
708 1572 799 1625 regi
838 1584 914 1626 per
953 1583 1079 1612 unum
1112 1584 1353 1626 supremum
1387 1572 1684 1627 principem‚21

141 1651 226 1681 non
263 1639 325 1680 sic
362 1637 688 1692 intelligendum
731 1642 810 1691 est,
858 1643 903 1680 ut
942 1639 1117 1680 minima
1155 1639 1316 1681 iudicia
1349 1641 1638 1694 cuiuscunque

141 1706 360 1761 municipii
394 1706 447 1748 ab
481 1707 552 1747 illo
586 1719 668 1748 uno
700 1706 932 1748 inmediate
965 1706 1137 1761 prodire
1171 1709 1349 1762 possint,
1384 1722 1479 1750 cum
1508 1710 1637 1751 etiam

68 1815 72 1819 ,
142 1773 263 1827 leges
309 1773 588 1827 municipales
633 1773 889 1827 quandoque
938 1773 1159 1824 deficiant,
1210 1781 1252 1817 et
1297 1789 1403 1831 opus
1451 1777 1638 1819 habeant
1654 1791 1693 1816 ιι

262 1870 307 1906 14
335 1873 351 1906 1
381 1872 439 1917 Ει]
467 1871 610 1908 Adhuc
636 1874 686 1917 D,
725 1873 774 1909 Vt
799 1875 835 1909 L
861 1873 981 1910 initio
1014 1874 1110 1910 novi
1136 1874 1283 1920 capitis
1314 1887 1397 1911 non
1429 1878 1567 1912 ‘notato

127 1929 234 1964 >fieri
267 1939 338 1974 per
362 1938 486 1963 unum
515 1928 669 1964 AFGK
833 1930 855 1964 2
889 1931 996 1976 quod
1023 1931 1182 1968 BDFV
1317 1932 1388 1978 Sit]
1415 1935 1472 1969 sic
1498 1934 1583 1968 ΕΜ

143 1985 166 2019 3
190 1984 282 2029 sint]
309 1986 412 2020 sicut
437 1985 529 2019 HM
661 1986 683 2020 4
709 1986 807 2021 illud
835 1998 908 2022 om.
924 1988 1002 2023 DG
1108 1988 1166 2033 sit]
1196 1992 1327 2033 potest
1353 1991 1444 2024 fieri
1472 1991 1545 2025 FG

143 2041 166 2076 6
191 2041 244 2076 nil
266 2042 339 2077 GP
433 2042 453 2076 7
481 2048 545 2077 oio
570 2042 609 2076 D
709 2043 730 2077 9
758 2043 942 2088 displicet
967 2045 1044 2080 EV
1117 2055 1234 2079 omne
1253 2065 1293 2069 —
1312 2046 1495 2090 displicet
1514 2057 1587 2081 om.
1603 2047 1642 2080 Ε

168 2097 210 2132 11
231 2107 350 2142 quam
371 2108 442 2143 ρει·
457 2098 537 2132 HT
622 2099 763 2133 11—1‘2
789 2101 821 2134 si
842 2119 875 2124 ——
896 2111 1019 2135 unum
1042 2111 1114 2135 om.
1131 2101 1182 2135 M
1274 2101 1318 2135 12
1345 2101 1453 2146 quod
1473 2112 1546 2136 om.
1564 2103 1643 2137 ΕΚ

219 2153 261 2186 13
288 2153 492 2197 Preterea]
520 2164 598 2198 que
623 2155 674 2198 H,
713 2160 876 2200 propter
903 2156 948 2198 L,
990 2156 1122 2191 Prima
1151 2158 1222 2191 KP
1329 2158 1467 2192 melior
1494 2169 1569 2193 om.
1593 2159 1638 2202 G,

144 2207 282 2242 melior
314 2218 400 2243 esse
434 2209 512 2252 AT,
557 2219 644 2243 esse
676 2211 816 2245 melior
852 2212 929 2247 edd
1052 2214 1095 2247 14
1130 2215 1279 2258 optimo
1311 2214 1637 2259 AEGHVFicW,

146 2264 294 2308 optime
319 2264 632 2299 BDFLKMPT
725 2268 862 2311 optimi
891 2278 964 2302 om.
981 2269 1062 2312 FP,
1097 2272 1251 2314 operati
1280 2272 1317 2305 K
1436 2273 1479 2307 15
1506 2274 1577 2307 fini
1595 2293 1637 2298 —-

145 2321 411 2365 propinquius
438 2322 579 2355 om.M
672 2323 715 2357 16
742 2322 826 2368 per]
854 2325 920 2358 uel
947 2335 1018 2369 per
1045 2326 1136 2360 DM
1236 2327 1280 2361 19
1306 2328 1551 2373 supremum]
1580 2340 1639 2364 so-

145 2374 227 2410 lum
253 2376 302 2418 D,
329 2386 526 2411 summum
546 2378 637 2418 AM,
664 2389 860 2414 summurn
888 2386 958 2415 aut
986 2391 1217 2426 supremum
1244 2384 1283 2417 Ε
1404 2385 1539 2420 19—21
1569 2388 1636 2431 qui

147 2431 425 2476 —principem
454 2443 528 2468 om.
545 2434 578 2468 G
713 2435 759 2469 ‘20
785 2441 844 2470 est
871 2447 969 2472 sane
995 2438 1088 2481 AM,
1119 2450 1217 2474 sane
1245 2446 1303 2474 est
1337 2441 1369 2474 T
1504 2442 1546 2476 ‘21
1576 2453 1638 2477 su-

147 2487 341 2530 premum]
369 2488 494 2522 solum
515 2489 564 2531 D,
592 2500 787 2525 summum
815 2492 899 2526 AM
991 2494 1037 2528 24
1063 2495 1210 2530 habeat
1227 2497 1306 2531 BV
1398 2497 1442 2532 25
1471 2498 1637 2533 directio

142 2540 268 2631 ·lBEL‚
293 2543 499 2633 -ιιῐρῐιὶἒῦ,
526 2545 649 2580 -ιίοηε
670 2547 714 2588 K,
740 2551 835 2582 -tum
856 2550 893 2582 P
963 2555 1006 2584 ut
1032 2555 1142 2594 patet
1170 2562 1243 2586 om.
1259 2553 1296 2586 B
1371 2563 1442 2598 per
1468 2555 1638 2588 aristoti-

160 2606 221 2631 em
249 2608 287 2632 ιιι

266 2681 296 2724 1,
327 2683 379 2725 11,
408 2682 493 2717 14·
504 2683 547 2718 15
575 2684 625 2729 cf.
647 2683 767 2720 Arist.
790 2686 899 2722 Part.
919 2686 1043 2723 anim.
1063 2690 1098 2730 3,
1118 2692 1152 2729 4,
1170 2692 1243 2724 665
1258 2691 1280 2724 b
1299 2693 1355 2725 14.
