2002 3302
583 233 778 271 DANTIS
804 231 1115 269 MONARCHIA
1142 224 1158 266 Ῐ
1187 232 1242 267 13.
1614 228 1660 263 29

164 358 212 388 se
254 345 405 398 habet3
455 358 509 388 ex
549 358 631 399 quo
660 344 861 398 >sequitur
893 340 1006 396 quod
1039 340 1094 383 ad
1128 341 1236 383 bene
1269 352 1362 382 esse
1394 338 1540 380 mundi
1573 351 1660 379 mo-

85 405 90 411 ’
166 413 386 457 narchiam
419 427 592 457 necesse
624 418 687 457 est
719 426 825 457 esse.

166 483 365 589 ADhuc
397 482 469 526 ille
502 483 573 537 qui
605 487 748 538 potest
778 494 871 524 esse
895 480 1054 536 optime
1077 478 1309 534 dispositus
1331 476 1387 519 ad
1410 475 1659 530 regendum,
1676 477 1732 520 13

167 564 170 565 ’
269 551 429 611 optime
470 555 577 598 alios
616 553 842 609 disponere
883 556 1038 608 potest.
1101 551 1211 594 Nam
1252 550 1295 591 in
1336 548 1450 591 omni
1490 548 1659 589 actione

168 627 462 684 principaliter
504 625 739 668 intenditur
777 624 831 666 ab
872 627 1043 678 agente,
1084 623 1176 665 siue
1215 621 1472 663 necessitate
1510 625 1690 661 nature3

167 697 260 740 siue
282 696 520 739 uoluntarie
543 699 660 749 agat,
693 693 908 749 propriam
933 690 1252 734 similitudinem
1276 688 1512 744 explicare3
1546 687 1659 729 unde

167 766 220 808 fit
263 764 377 821 quod
416 776 539 806 omne
577 775 722 817 agens,
771 762 814 803 in
857 764 1059 815 quantum
1103 757 1356 812 huiusmodi,
1406 756 1659 810 delectatur,

166 835 281 889 quia,
314 821 408 877 cum
441 845 564 874 omne
596 830 710 885 quod
743 834 808 873 est
838 834 1017 885 appetat
1048 841 1167 870 suum
1201 840 1307 877 esse,
1341 840 1392 869 ac
1424 826 1467 868 in
1490 824 1659 880 agendo
1674 841 1694 889 e.

168 903 336 957 agentis
367 913 461 943 esse
494 898 808 954 quodammodo
841 897 1082 953 amplietur,
1115 897 1307 951 sequitur
1330 895 1384 938 de
1405 895 1660 937 necessitate

166 969 412 1018 delectatio,
461 969 560 1022 quia
604 966 836 1010 delectatio
883 967 943 1008 rei
989 965 1233 1008 desiderate
1278 977 1445 1020 semper
1492 976 1661 1005 annexa

166 1043 245 1082 est.
307 1037 451 1082 Nichil
472 1037 606 1091 igitur
637 1035 730 1090 agit
761 1035 844 1077 nisi
873 1034 959 1076 tale
991 1035 1192 1087 existens,
1226 1033 1351 1088 quale
1373 1033 1542 1088 patiens
1564 1032 1691 1074 fieris

167 1107 316 1160 debet;
348 1110 523 1162 propter
546 1104 660 1159 quod
692 1102 984 1159 phylosophus
1016 1105 1058 1144 in
1091 1102 1174 1145 hiis
1207 1115 1288 1156 que
1321 1101 1374 1144 de
1407 1101 1661 1157 simpliciter

167 1181 286 1218 ente:
317 1173 497 1227 ‘Omne’,
530 1172 681 1227 inquit,
714 1171 842 1226 ‘quod
874 1171 1090 1214 reducitur
1116 1170 1170 1213 de
1202 1171 1396 1226 potentia
1427 1171 1470 1212 in
1503 1174 1659 1223 actum,

168 1242 385 1287 reducitur
417 1255 493 1298 per
518 1241 603 1284 tale
626 1241 814 1284 existens
837 1241 971 1292 actu'3
1005 1239 1118 1294 quod
1141 1240 1177 1282 si
1200 1239 1324 1282 aliter
1346 1238 1508 1293 aliquid
1530 1251 1661 1293 agere
1679 1252 1712 1277 12

169 1316 359 1360 conetur,
392 1310 552 1352 frustra
584 1313 773 1351 conatur.
838 1308 894 1350 Et
925 1307 1023 1350 hinc
1057 1308 1219 1351 destrui
1250 1312 1392 1364 potest
1425 1321 1540 1350 error
1571 1307 1662 1350 illo-

168 1394 260 1423 rum
292 1380 363 1434 qui
395 1380 507 1422 bona
541 1377 752 1432 loquendo
786 1382 829 1419 et
862 1377 974 1419 mala
998 1375 1216 1432 operando
1240 1375 1420 1418 credunt
1442 1376 1548 1419 alios
1570 1376 1661 1418 uita

91 1502 94 1506 ῃ
167 1453 213 1492 et
243 1448 430 1491 moribus
461 1447 704 1499 informare,
743 1459 828 1487 non
861 1445 1136 1487 aduertentes
1169 1444 1282 1499 quod
1315 1445 1409 1500 plus
1440 1457 1660 1500 persuase-
1679 1457 1712 1484 ιε»

165 1521 263 1559 runt
294 1528 442 1558 manus
468 1515 606 1557 Jacob
640 1527 766 1568 quam
799 1513 944 1566 uerba,
977 1513 1079 1555 licet
1112 1513 1183 1555 ille
1216 1513 1384 1567 falsum,
1418 1513 1492 1555 illa
1514 1526 1660 1555 uerum

166 1583 486 1641 persuaderent.
550 1581 673 1625 Vnde
705 1581 1000 1638 phylosophus
1032 1581 1088 1624 ad
1122 1582 1421 1626 Nicomacum:
1464 1582 1546 1624 ‘De
1579 1581 1660 1624 hiis

96 1656 98 1658 ’
167 1652 304 1706 enim'‚
348 1652 497 1707 inquit,
541 1650 636 1706 ‘que
674 1651 717 1692 in
758 1651 1028 1706 passionibus
1069 1654 1112 1693 et
1149 1650 1405 1705 actionibus,
1443 1663 1660 1693 sermones
1678 1663 1711 1689 is

165 1721 305 1764 minus
343 1726 440 1764 sunt
480 1719 708 1762 credibiles
746 1720 974 1774 operibus'.
1038 1719 1153 1762 Hinc
1185 1719 1316 1762 etiam
1349 1716 1573 1762 dicebatur
1605 1719 1660 1762 de

168 1788 259 1832 celo
304 1788 521 1844 peccatori
559 1786 721 1830 Dauid:
775 1786 932 1838 ‘Quare
974 1793 1020 1829 tu
1058 1801 1232 1831 enarras
1263 1788 1448 1831 iustitias
1480 1802 1597 1831 meas
1610 1787 1658 1842 ?’‚

169 1855 290 1911 quasi
323 1855 506 1898 diceret:
540 1855 718 1898 Frustra
748 1855 947 1910 loqueris,
982 1869 1076 1899 cum
1107 1861 1151 1898 tu
1173 1857 1231 1899 sis
1253 1857 1362 1899 alius
1394 1857 1448 1899 ab
1472 1870 1522 1900 eo
1545 1857 1659 1911 quod
1676 1871 1709 1897 ει

286 1973 333 2009 13
357 1974 380 2009 3
405 1975 492 2009 sine
518 1973 597 2011 GH
712 1974 735 2008 4
760 1974 970 2010 uoluntate
995 1975 1075 2009 DP
1191 1975 1214 2011 5
1239 1975 1348 2010 modi
1374 1986 1449 2011 om.
1465 1976 1576 2011 BFL

165 2030 188 2066 6
213 2034 272 2066 est
298 2030 425 2066 om.B
563 2031 584 2066 7
611 2031 836 2076 applicetur
862 2031 938 2066 DG
1038 2031 1087 2066 de
1114 2032 1354 2066 necessitate
1379 2033 1562 2076 sequitur
1588 2031 1664 2066 AT

236 2087 284 2122 10
307 2087 477 2132 simplici
502 2086 611 2122 ABL
773 2088 815 2122 11
843 2087 970 2123 Omne
995 2097 1070 2122 om.
1097 2087 1173 2122 AT
1292 2087 1435 2133 inquit]
1463 2088 1503 2122 id
1535 2089 1571 2124 V

167 2143 308 2178 11—12
334 2147 467 2178 actum
485 2163 520 2168 —
542 2145 720 2178 existens
746 2154 820 2179 om.
838 2144 889 2178 M
995 2143 1039 2178 12
1064 2154 1136 2188 per
1162 2144 1314 2189 aliquid
1341 2144 1423 2179 tale
1448 2144 1488 2178 D
1579 2147 1658 2180 exi-

167 2203 275 2235 stens
288 2200 329 2234 in
345 2203 439 2234 actu
453 2199 620 2234 FG'PW
700 2199 841 2234 12—13
860 2200 965 2244 quod
980 2220 1023 2224 —
1035 2203 1204 2235 conatur
1222 2211 1296 2235 om.
1311 2200 1666 2238 BEFGHLMPV

214 2255 260 2290 16
286 2254 391 2300 licet]
418 2255 489 2290 sed
507 2255 588 2291 AM
658 2255 740 2301 illa]
768 2256 833 2291 ille
851 2256 900 2299 D,
928 2256 992 2291 ille
1017 2256 1169 2291 ueroB
1266 2257 1310 2292 17
1337 2258 1601 2302 persuaderet
1615 2258 1657 2301 B,

167 2311 386 2348 suaderent
412 2312 489 2348 DG
598 2313 644 2347 20
670 2310 818 2360 Dauid]
847 2313 946 2348 deus
971 2313 1008 2347 B
1096 2323 1207 2348 meas
1231 2323 1303 2358 per
1331 2324 1374 2348 os
1401 2318 1514 2349 tuum
1542 2316 1658 2358 quasi

166 2366 250 2409 BL,
276 2378 386 2403 meas
413 2372 452 2404 et
477 2370 647 2405 assumis
679 2373 962 2405 testamentum
993 2380 1125 2405 meum
1158 2379 1230 2415 per
1257 2380 1301 2406 os
1335 2373 1450 2405 tuum
1477 2371 1593 2415 quasi
1618 2370 1658 2403 D

165 2423 210 2457 21
238 2423 346 2459 dicat
372 2424 534 2460 BDLM
603 2435 691 2460 cum
709 2426 943 2470 ——loqueris
961 2426 1090 2461 om.F
1157 2431 1201 2461 tu
1219 2436 1293 2461 om.
1308 2426 1418 2462 ABG

287 2518 427 2552 11—12
450 2517 573 2554 Arist.
598 2519 775 2565 Metaph.
801 2521 836 2563 8,
856 2522 892 2564 8,
911 2521 1042 2556 1049b
1061 2520 1111 2556 24
1144 2519 1310 2567 Semper
1337 2522 1442 2556 enim
1470 2532 1522 2556 ex
1549 2527 1656 2567 pote-

167 2575 273 2610 state
311 2578 402 2610 ente
438 2575 486 2609 fit
517 2578 611 2610 actu
644 2586 715 2610 ens
750 2576 802 2610 ab
835 2580 930 2611 actu
967 2581 1071 2621 ente,
1106 2587 1265 2622 semper
1297 2582 1486 2613 movente
1519 2578 1655 2623 aliquo

166 2630 306 2676 primo.
357 2630 525 2666 Movens
550 2635 685 2666 autem
714 2635 807 2667 actu
832 2633 912 2667 iam
940 2636 1009 2667 est.
1109 2633 1248 2668 17-19
1274 2632 1394 2669 Arist.
1422 2634 1512 2668 Eth.
1541 2634 1595 2677 10,
1623 2636 1656 2676 1,

168 2686 266 2722 1172
279 2697 304 2722 a
322 2688 381 2722 34.
479 2687 526 2722 20
544 2688 607 2723 Ps.
626 2687 686 2731 49,
708 2689 763 2723 16.
