2002 3302
591 240 787 288 DANTIS
811 239 1123 278 MONARCHIA
1150 239 1187 276 II
1212 240 1246 276 8.
1617 239 1665 275 63

167 351 211 395 in
243 349 384 394 medio
418 351 541 404 quasi
574 363 699 394 cursu
732 349 946 406 collapsus
978 353 1057 392 est.
1110 349 1178 392 De
1211 347 1332 391 cuius
1360 348 1494 398 ‚etiam
1526 347 1664 404 sepul·

168 423 265 463 tura
286 411 455 462 ibidem
487 419 697 462 existente
728 417 929 460 Lucanus
960 417 1002 474 in
1035 421 1205 471 octauo,
1238 415 1445 458 inuehens
1478 415 1519 458 in
1552 415 1715 458 Tho-45

168 487 352 531 lomeum
385 499 529 541 regem
562 485 725 541 Egipti,
759 484 1053 528 testimonium
1080 483 1224 527 reddit
1255 483 1423 527 dicens:

342 554 515 597 ‘Vltima
546 554 670 609 lagee
701 554 848 609 stirpis
879 553 1153 608 perituraque
1185 552 1327 608 proles

342 622 544 679 degener,
577 622 740 665 inceste
771 621 954 677 sceptris
986 633 1156 664 cessure
1187 621 1336 674 sorori,
1682 636 1719 662 ιε

343 704 437 734 cum
469 690 548 733 tibi
581 695 750 733 sacrato
781 688 966 732 Macedo
999 692 1192 732 seruetur
1223 689 1266 731 in
1292 688 1448 746 antro’.
1586 690 1588 693 ’

167 759 218 804 Ὁ
249 758 434 803 altitudo
467 758 713 802 diuitiarum
745 758 924 801 scientie
956 761 999 800 et
1030 757 1241 813 sapientie
1273 756 1374 811 dei',
1407 757 1503 811 quis
1529 756 1599 799 hic
1621 761 1663 800 te

169 842 252 872 non
284 828 587 883 obstupescere
618 825 808 883 poterit?
858 826 970 870 Nam
1003 830 1228 869 conantem
1246 824 1538 869 Alexandrum
1572 838 1664 882 pre·
1678 840 1712 867 51

168 895 317 952 pedire
348 896 392 937 in
425 907 551 938 cursu
584 893 842 937 coathletam
875 907 1110 948 romanum,
1150 898 1209 943 tu,
1251 907 1304 937 ne
1335 907 1414 947 sua
1445 894 1664 937 temeritas

166 962 358 1019 prodiret
389 963 581 1012 ulterius,
615 961 669 1005 de
703 963 937 1005 certamine
969 962 1164 1018 rapuisti.

288 1030 376 1074 Sed
408 1030 522 1085 quod
540 1031 678 1073 Roma
710 1031 896 1086 palmam
930 1031 1038 1074 tanti
1070 1031 1208 1074 brauii
1237 1032 1293 1074 sit
1315 1030 1488 1087 adepta,
1521 1031 1712 1074 multism

168 1098 470 1154 comprobatur
511 1099 784 1153 testimoniis3
833 1099 894 1140 ait
932 1099 1043 1141 enim
1082 1104 1209 1154 poeta
1248 1103 1393 1142 noster
1430 1099 1474 1141 in
1506 1099 1662 1155 primo:

184 1164 187 1167 ’
287 1164 426 1208 ‘Certe
459 1165 558 1208 hinc
591 1165 807 1209 Romanos
839 1166 940 1209 olim
972 1167 1244 1211 uoluentibus
1276 1168 1411 1222 anniS,

211 1254 214 1257 ·
286 1232 387 1276 hinc
418 1234 512 1276 fore
544 1233 756 1288 ductores,
790 1239 992 1278 reuocato
1024 1249 1051 1278 a
1081 1235 1290 1291 sanguine
1323 1236 1493 1290 Teucri,
1678 1251 1713 1278 ετ

233 1344 237 1348 Α
287 1301 360 1356 qui
391 1315 521 1356 mare,
555 1301 627 1356 qui
659 1307 794 1346 terras
826 1303 939 1345 omni
973 1303 1135 1346 ditione
1167 1303 1388 1347 tenerent'.

167 1367 225 1411 Et
255 1368 456 1426 Lucanus
488 1371 531 1412 in
563 1371 719 1427 primo:

204 1481 207 1484 ,
285 1436 516 1480 ‘Diuiditur
547 1438 662 1481 ferro
693 1452 885 1494 regnum,
919 1439 1151 1495 populique
1183 1440 1369 1495 potentis
1676 1456 1713 1483 σο

179 1555 185 1560 ,
286 1517 368 1559 que
399 1519 528 1556 mare,
560 1519 642 1560 que
674 1511 824 1561 terras,
858 1521 939 1561 que
972 1512 1106 1550 totum
1140 1508 1331 1563 possidet
1364 1509 1523 1559 orbem,

199 1606 220 1619 .,
279 1585 364 1615 non
397 1573 512 1629 cepit
544 1574 718 1617 fortuna
750 1574 881 1618 duos’.

159 1638 217 1687 Et
242 1639 418 1684 Boetius
449 1641 494 1683 in
525 1641 728 1704 secundo,
763 1656 857 1685 cum
890 1642 944 1686 de
970 1643 1256 1687 Romanorum
1290 1644 1486 1701 principe
1518 1645 1711 1699 loque-es

158 1711 289 1762 retur,
321 1709 382 1751 sic
414 1709 575 1763 inquit:
957 1757 959 1759 ,

422 1776 519 1818 ‘Hic
551 1781 696 1820 tamen
727 1783 897 1834 sceptro
929 1779 1111 1835 populos
1142 1781 1336 1835 regebat,

422 1856 528 1897 quos
561 1843 682 1887 uidet
715 1845 905 1891 condens
936 1846 1081 1891 radios
1111 1848 1191 1891 sub
1223 1848 1360 1892 undas
1674 1866 1709 1893 σε

279 1964 326 2000 44
353 1964 413 2000 De
433 1967 548 2002 cuius
568 1977 644 2004 om.
659 1968 715 2013 M,
742 1968 864 2005 decus
879 1971 924 2013 B,
952 1973 999 2006 de
1026 1981 1125 2007 cuns
1139 1971 1190 2014 D,
1217 1972 1269 2007 ad
1290 1974 1404 2008 cuius
1421 1974 1456 2010 G
1530 1974 1577 2010 45
1603 1976 1658 2010 ibi

159 2019 251 2055 ΒΜ
327 2021 570 2067 ptolomeum
597 2023 786 2060 AFGHL
875 2026 921 2062 46
946 2026 1057 2063 dedit
1082 2027 1154 2063 AG
1242 2029 1288 2063 47
1316 2029 1432 2075 legee
1457 2030 1540 2074 AG,
1567 2032 1658 2076 lege

158 2073 205 2112 in
230 2086 384 2112 rasura
399 2078 434 2114 V
522 2081 641 2125 stirps
655 2080 726 2116 FL
830 2082 878 2117 48
903 2083 1084 2128 degener
1110 2085 1183 2119 lac.
1202 2085 1271 2120 rel.
1291 2095 1366 2121 om.
1382 2086 1431 2129 D,
1460 2086 1509 2122 de
1536 2097 1658 2132 gene-

158 2131 254 2167 reG
343 2135 493 2169 sororis
506 2134 864 2181 ADHKLMPTV,
890 2139 1007 2173 sortis
1029 2139 1064 2174 G
1135 2139 1183 2175 49
1208 2141 1248 2175 in
1276 2144 1364 2176 atro
1382 2143 1433 2186 D,
1459 2143 1500 2177 in
1527 2144 1606 2179 alto
1624 2144 1662 2179 P

32 2162 36 2170 .
83 2181 89 2187 “
159 2185 207 2221 50
231 2187 429 2231 sapientie
456 2193 495 2223 et
521 2190 688 2225 scientie
702 2191 1032 2239 BGHLVulyata
1047 2195 1127 2230 edd
1231 2195 1279 2231 52
1305 2198 1501 2234 coaletam
1516 2200 1564 2242 D,
1594 2210 1655 2236 co-

160 2240 311 2276 athleta
330 2243 371 2286 V,
398 2253 476 2288 quo
503 2245 599 2279 athl-
620 2246 668 2288 Ε,
697 2256 777 2292 quo
804 2249 995 2284 athletam
1015 2250 1130 2286 FGP
1223 2251 1270 2288 55
1296 2255 1533 2290 testimoniis
1553 2266 1655 2291 com-

159 2296 356 2342 probatur
382 2298 585 2336 ADEGM
702 2302 748 2338 56
773 2304 1006 2341 uolentibus
1031 2306 1106 2342 ΑΕ
1214 2310 1333 2344 armis
1360 2309 1439 2346 DE
1474 2354 1478 2356 Ἴ
1559 2312 1605 2349 57
1633 2323 1655 2348 a

159 2362 235 2389 om.
248 2352 360 2390 AGP
453 2355 500 2390 58
526 2357 702 2393 dictione
729 2359 927 2405 BDG(M)
938 2361 978 2405 V,
1005 2362 1165 2399 dicione
1190 2364 1228 2399 P
1329 2366 1370 2400 61
1402 2368 1494 2412 qui.
1510 2394 1518 2402 .
1535 2369 1653 2414 qui..

161 2408 230 2452 qui
245 2408 323 2444 GK
386 2410 432 2446 62
451 2413 604 2457 ceperit
620 2414 665 2457 Β,
686 2416 793 2460 capit
807 2415 898 2451 DM
951 2418 997 2452 63
1015 2418 1193 2465 Boetius]
1212 2423 1256 2457 ro
1271 2418 1313 2456 D
1378 2423 1424 2457 66
1440 2423 1560 2459 undis
1577 2424 1657 2460 GH

159 2509 264 2546 hanc
279 2510 466 2555 fabulam
479 2523 530 2549 eae
546 2515 702 2551 ottonis
716 2517 998 2565 Frisinyensis
1014 2522 1150 2558 chron.
1177 2523 1224 2558 II
1237 2523 1290 2559 25
1306 2527 1517 2570 sumptam
1531 2526 1651 2563 Livio

158 2565 357 2602 attribuit.
509 2570 650 2606 47—49
675 2571 773 2609 Luc.
792 2574 937 2612 Phar-s.
954 2578 989 2619 8,
1008 2577 1166 2613 692-4.
1299 2579 1347 2615 50
1371 2581 1496 2617 Pauli
1514 2593 1573 2627 ep.
1592 2583 1649 2618 ad

157 2621 272 2658 Rom.
291 2625 346 2666 11,
367 2625 430 2658 33.
607 2626 748 2663 56—58
781 2629 890 2676 Ver-9.
910 2631 1004 2666 Aen.
1026 2635 1057 2676 1,
1074 2633 1234 2670 234-6.
1364 2636 1483 2672 60-2
1502 2638 1648 2673 Phars.

157 2679 407 2722 1,109-111.
522 2682 663 2718 65—70
681 2683 846 2720 Boetius
864 2686 912 2722 cle
930 2697 1036 2723 cons.
1058 2687 1161 2732 phil.
1187 2690 1212 2725 2
1235 2693 1347 2728 metr.
1374 2693 1408 2735 6,
1436 2693 1567 2728 8-13.
