2002 3302
366 239 416 274 v‹1ss
794 240 988 278 DANTIS
1015 242 1327 280 MONARGHIA
1354 245 1392 280 11
1417 247 1450 281 4.
1526 256 1528 258 ·
1590 222 1598 228 ’

370 346 549 389 electam
591 347 811 403 delapsum
858 350 1000 402 fuisse,
1051 351 1200 394 Liuius
1241 353 1284 394 in
1323 354 1460 408 prima
1505 359 1626 410 parte
1665 359 1860 402 testatur.

318 429 354 454 24
371 414 499 457 Cuius
532 416 726 458 miraculi
759 417 960 460 Lucanus
992 419 1033 460 in
1067 433 1178 462 nono
1211 420 1402 464 Farsalie
1435 423 1637 477 meminit,
1682 423 1860 468 incredi-

370 483 496 526 bilem
535 485 621 527 uim
660 486 793 529 austri
834 499 959 540 quam
999 487 1126 530 Libia
1165 489 1338 543 patitur,
1381 489 1439 532 ibi
1486 490 1751 546 describens3
1800 493 1861 536 ait

320 577 331 580 =-
370 566 504 595 emm·

316 634 349 659 27
424 631 428 634 ·
1079 623 1166 666 ‘Sic
1198 625 1270 667 illa
1303 626 1496 681 profecto

540 689 750 732 Sacrifico
785 690 980 733 cecidere
1013 692 1165 746 Nume,
1199 706 1280 745 que
1312 694 1423 736 lecta
1455 695 1650 738 iuuentus

540 759 732 813 Patricia
761 760 926 801 ceruice
959 765 1119 812 mouet;
1154 762 1415 816 spoliauerat
1447 753 1603 817 auster,

310 838 352 863 >30
539 827 625 868 Aut
660 827 811 869 boreas
842 828 1021 883 populos
1054 829 1211 871 ancilia
1242 835 1388 872 nostra
1420 831 1632 875 ferentes’.

366 893 554 948 Cumque
589 894 715 948 Galli,
749 895 912 949 reliqua
944 897 1046 939 urbe
1079 897 1163 938 iam
1197 902 1338 953 capta,
1373 900 1512 942 noctis
1544 901 1730 945 tenebris
1764 915 1860 945 con·

365 961 447 1015 fisi,
499 962 744 1017 capitolium
791 963 934 1006 furtim
983 965 1187 1018 subirent,
1238 965 1350 1019 quod
1389 967 1524 1009 solum
1569 969 1759 1012 restabat
1798 970 1858 1013 ¹ad.

308 1043 350 1068 γ33
365 1030 556 1072 ultimum
601 1031 817 1073 interitum
860 1033 1023 1074 romani
1062 1033 1256 1087 nominis,
1307 1047 1499 1077 anserem
1539 1035 1598 1077 ibi
1637 1050 1720 1078 non
1759 1042 1859 1081 ante

363 1099 499 1142 uisum
542 1100 747 1142 cecinisse
781 1100 928 1143 Gallos
968 1100 1119 1160 adesse
1153 1106 1282 1155 atquc
1315 1101 1513 1145 custodes
1546 1103 1602 1145 ad
1635 1103 1859 1147 defensan-

364 1166 463 1209 dum
506 1167 752 1222 capitolium
792 1170 1017 1223 excitasse,
1065 1169 1212 1211 Liuius
1251 1174 1293 1211 et
1325 1170 1444 1212 multi
1477 1170 1707 1226 scriptores
1745 1171 1856 1216 illus-

312 1240 449 1277 aen-es
482 1235 751 1279 concorditer
784 1241 1090 1280 contestantur.
1157 1237 1286 1280 Cuius
1318 1238 1379 1280 rei
1411 1252 1572 1282 memor
1607 1239 1688 1282 fuit
1727 1245 1855 1296 poeta

362 1307 519 1357 noster,
569 1318 662 1347 cum
714 1305 895 1359 clipeum
949 1305 1065 1348 Enee
1113 1305 1374 1349 describeret
1423 1307 1466 1348 in
1514 1311 1693 1360 octau03
1740 1306 1858 1352 canit

363 1372 472 1413 enim
507 1373 589 1414 sic:
1644 1379 1646 1381 ’

303 1451 346 1477 ,39
540 1440 602 1482 ‘In
634 1455 796 1483 summo
830 1446 973 1484 custos
1007 1443 1170 1497 tarpeie
1203 1442 1385 1485 Manlius
1418 1444 1529 1485 arcis

542 1508 695 1550 Stabat
728 1522 803 1563 pro
837 1509 1009 1564 templo,
1044 1514 1086 1551 et
1119 1510 1323 1565 capitolia
1357 1511 1471 1554 celsa
1504 1513 1690 1566 tenebat,

540 1575 832 1630 Romuleoque
865 1590 1013 1619 recens
1046 1577 1215 1619 orrebat
1248 1578 1368 1631 regia
1401 1578 1551 1620 culmo.

299 1735 304 1739 -
481 1691 527 1725 23
553 1691 603 1725 de
629 1691 746 1735 lapsu
773 1691 882 1726 ABG
979 1692 1025 1726 24
1051 1686 1245 1726 miracula
1272 1692 1318 1735 Β,
1345 1693 1444 1727 -lum
1470 1693 1579 1728 AG'L
1669 1694 1715 1729 25
1740 1695 1857 1730 haus·

361 1749 412 1782 tri
438 1748 557 1790 HLP,
587 1749 691 1782 austi
718 1748 757 1782 D
879 1749 986 1782 labia
1013 1750 1164 1794 patitur
1192 1749 1502 1784 describendum
1528 1750 1568 1783 D
1699 1751 1745 1786 27
1771 1762 1857 1796 per-

362 1805 469 1838 fecto
496 1803 577 1839 AV
677 1805 723 1838 28
750 1805 951 1840 sacrificio
982 1805 1246 1849 ABF(M)PV
1326 1806 1487 1841 minime
1515 1807 1591 1841 BD
1676 1807 1756 1842 leta
1781 1806 1859 1848 DG

362 1861 512 1894 HLPT
645 1860 691 1895 29
718 1862 881 1905 patritia
907 1861 987 1900 LP,
1017 1862 1190 1906 patritici
1231 1862 1264 1898 V
1382 1865 1518 1903 mouet
1543 1862 1706 1908 AKMT,
1731 1865 1859 1900 mouit

362 1916 710 1953 BDEFGHLPV
791 1918 1035 1962 preliauerat
1062 1917 1136 1951 AT
1221 1918 1386 1952 hauster
1412 1918 1527 1952 HLP
1619 1919 1667 1954 30
1691 1919 1859 1956 horreas

362 1972 516 2008 BDEG
591 1973 741 2018 populo
760 1974 833 2007 BL
907 1973 1052 2008 ancilla
1072 1974 1148 2008 BV
1239 1973 1284 2007 31
1313 1974 1466 2008 confixi
1488 1974 1602 2009 ADG
1699 1975 1746 2010 33
1770 1976 1857 2011 ulti-

363 2039 469 2064 mum
497 2039 571 2064 om.
588 2029 661 2065 FG
784 2030 856 2064 sibi
884 2029 959 2063 AT
1076 2030 1130 2064 ibi
1171 2029 1332 2064 omnino
1370 2033 1464 2064 ante
1497 2041 1577 2065 non
1609 2032 1738 2066 uisam
1771 2031 1866 2066 DM

362 2085 407 2121 37
434 2086 628 2120 scriberet
652 2085 731 2119 DE
845 2085 890 2120 39
916 2090 1056 2130 tax-pce
1082 2084 1157 2119 AE
1252 2086 1394 2125 malins
1420 2085 1577 2130 ABDF,
1617 2086 1773 2123 Mallius
1799 2088 1854 2132 M,

363 2142 456 2176 mali
483 2141 528 2183 L,
557 2142 742 2176 mallibus
768 2142 807 2176 E
927 2142 1022 2176 artis
1048 2141 1201 2176 AEHV
1340 2141 1386 2175 40
1412 2142 1574 2187 templo]
1602 2143 1753 2188 populo
1781 2142 1858 2178 BD

363 2197 406 2231 41
439 2198 582 2233 orabat
608 2199 695 2241 DF,
724 2199 883 2233 ortabat
912 2198 956 2242 G,
985 2199 1154 2233 herebat
1180 2198 1266 2232 AM
1358 2199 1473 2243 regio
1502 2198 1596 2233 FG·

483 2293 529 2326 ‘23
554 2291 700 2327 Livius
726 2295 759 2336 1,
778 2292 827 2327 20
856 2291 1103 2337 perstringit
1135 2293 1416 2327 tantummodo
1447 2293 1634 2338 fabulam
1660 2291 1858 2334 ancilium

323 2380 326 2383 .
364 2348 414 2383 de
440 2349 548 2383 caelo
575 2349 848 2393 delapsorum,
875 2349 1021 2383 narrat
1050 2347 1221 2384 Ovidius
1246 2349 1356 2383 Fast.
1375 2351 1410 2392 3,
1430 2348 1643 2384 259-398.
1716 2348 1859 2384 27--30

364 2405 509 2439 Phars.
538 2405 573 2446 9,
596 2406 804 2440 477—480.
903 2404 949 2439 35
975 2403 1061 2439 Liv.
1088 2407 1122 2448 5,
1147 2406 1194 2439 47
1233 2414 1420 2439 anserum
1455 2404 1619 2439 Iunonis
1651 2414 1858 2440 sacrorum

365 2460 558 2505 clangore
597 2461 832 2505 alarumque
866 2461 1022 2505 crepitu
1055 2461 1211 2495 excitus
1245 2460 1291 2494 M.
1320 2460 1492 2495 Manlius
1531 2461 1651 2495 armis
1689 2461 1858 2506 arreptis

364 2517 480 2551 simul
502 2517 550 2551 ad
573 2526 684 2551 arma
705 2521 860 2551 ceteros
888 2517 1019 2551 ciens.
1038 2545 1044 2551 .
1062 2515 1220 2551 Gallum
1240 2515 1439 2551 deturbat.
1477 2515 1536 2562 Cf.
1553 2516 1720 2552 Florum
1739 2517 1859 2561 1,13,·

354 2572 553 2608 Servium
580 2573 669 2608 edd.
691 2571 804 2608 Thilo
831 2574 866 2607 et
880 2573 1024 2618 Hayen
1051 2572 1098 2606 II
1123 2573 1248 2613 (1884)
1271 2583 1315 2617 p.
1334 2572 1422 2608 293.
1472 2573 1510 2609 V.
1526 2572 1730 2616 Scherillo,
1758 2573 1862 2609 Ren-

356 2627 519 2664 *diconti
545 2629 608 2664 del
634 2627 790 2664 istituto
816 2629 1026 2664 lombardo
1054 2628 1138 2664 Ser.
1160 2629 1208 2662 ΙΙ
1227 2629 1300 2663 vol.
1320 2629 1373 2663 30
1399 2629 1525 2672 (1897)
1543 2639 1585 2673 p.
1600 2628 1687 2672 332,
1699 2628 1860 2664 341-r2.

356 2685 508 2720 ν39--43
540 2686 651 2731 Very.
672 2685 766 2720 Aen,
785 2686 820 2729 8,
840 2685 1000 2720 652—6.
