2002 3302
390 255 437 289 80
783 253 978 291 DANTIS
1005 253 1315 291 MONARCHIA
1342 256 1399 291 ΙΙΙ
1424 257 1479 293 4..

391 366 493 415 tum,
545 361 640 417 pius
682 362 724 403 in
758 362 997 415 eeclesiam,
1047 362 1142 418 pius
1174 363 1216 405 in
1250 368 1476 420 pastorem,
1523 365 1620 420 pius
1657 367 1700 408 in
1739 380 1886 412 omncs

392 429 669 472 christianam
714 430 963 485 religionem
1007 430 1268 486 profitentes,
1315 446 1392 488 pro
1432 432 1569 476 salute
1611 428 1805 477 ueritatis
1839 436 1886 478 in

340 511 372 537 ετ
391 497 485 540 hocv
506 497 613 540 libro
647 502 863 541 certamen
894 499 1066 555 incipio.

349 564 377 606 4
425 564 491 607 Sti
530 578 632 608 uero
670 565 729 608 ad
769 579 873 620 quos
906 567 987 608 erit
1018 571 1110 609 tota
1142 566 1378 622 disputatio
1410 580 1606 623 sequens,
1646 574 1887 615 asserentes
1915 569 1919 572 ⁴

454 637 756 679 auctoritatem
797 639 965 693 imperii
1005 638 1059 680 ab
1100 639 1359 681 auctoritate
1400 640 1581 683 ecclesie
1626 641 1884 697 dependere,

362 707 511 750 suelut
543 708 701 751 artifex
734 708 910 749 inferior
943 706 1158 762 dependet
1190 707 1244 749 ab
1279 707 1531 763 architecto,
1580 710 1773 765 pluribus
1812 710 1887 754 ad-

393 776 531 818 uersis
564 776 826 830 argumentis
858 779 1094 829 mouentur,
1130 775 1408 829 que-quidem
1430 775 1484 818 de
1517 790 1642 820 sacra
1673 778 1886 834 scriptura

395 843 582 898 eliciunt,
616 849 659 886 et
692 843 745 886 de
779 842 1032 898 quibusdam
1065 842 1198 898 gestis
1231 847 1317 884 tam
1350 845 1502 887 summi
1524 845 1737 900 pontificis
1760 860 1886 901 quam

363 914 528 969 sipsius
551 912 838 967 imperatoris,
870 911 1114 953 nonnullum
1148 924 1248 953 uero
1282 912 1460 954 rationis
1491 912 1696 956 indicium
1730 914 1887 959 habere

395 983 597 1024 nituntur.

517 1050 676 1091 Dicunt
732 1047 843 1090 enim
899 1047 1036 1102 primo
1087 1046 1318 1089 secundum
1366 1048 1620 1103 scripturam
1668 1063 1887 1104 geneseos,
1974 1096 1999 1107 ,1

366 1117 510 1172 9quod
544 1117 650 1159 deus
682 1116 787 1158 fecit
830 1114 914 1156 duo
954 1127 1109 1169 magna
1141 1114 1379 1168 luminaria,
1424 1115 1631 1159 luminare
1668 1118 1804 1160 maius
1847 1123 1891 1161 et
1994 1116 1998 1142 ³

396 1187 603 1229 luminare
624 1185 776 1238 minus,
809 1189 855 1225 ut
878 1183 1056 1225 alterum
1083 1186 1273 1237 preesset
1300 1181 1399 1238 diei,
1434 1187 1476 1225 et
1498 1184 1678 1226 alterum
1701 1191 1891 1240 preesset
1992 1146 2002 1235 l

396 1255 525 1297 nocti.
590 1253 682 1304 Que
715 1251 946 1307 allegorice
979 1250 1096 1293 dicta
1130 1263 1223 1293 esse
1248 1250 1546 1305 intelligebant
1568 1251 1653 1295 ista
1675 1252 1758 1295 duo
1781 1254 1890 1308 regi-

350 1341 382 1366 12
397 1323 525 1376 mina,
559 1321 726 1364 scilicet
748 1319 966 1375 spirituale
991 1323 1033 1361 et
1057 1319 1306 1374 temporale.
1355 1319 1527 1362 Deinde
1548 1325 1731 1375 arguunt
1761 1321 1890 1377 quod,

399 1389 756 1444 quemadmodum
799 1388 912 1437 luna,
961 1400 1043 1441 que
1082 1391 1146 1429 est
1187 1387 1394 1430 luminare
1435 1389 1585 1444 minus,
1633 1403 1717 1432 non
1760 1389 1892 1433 habet
1955 1356 2002 1431 l

398 1460 550 1514 lucem,
584 1458 665 1500 nisi
687 1461 814 1513 prout
847 1457 1000 1511 recipit
1033 1470 1059 1498 a
1091 1456 1194 1508 sole,
1228 1457 1290 1498 sic
1321 1470 1401 1499 nec
1433 1457 1622 1511 regimen
1656 1458 1891 1514 temporale
1996 1487 2002 1507 ,

351 1545 383 1570 15
400 1528 702 1569 auctoritatem
736 1525 879 1577 habet,
913 1523 994 1565 nisi
1026 1527 1152 1578 prout
1183 1524 1337 1578 recipit
1369 1537 1395 1565 a
1426 1525 1637 1578 spirituali
1669 1526 1890 1579 regimine.

518 1595 699 1649 Propter
742 1592 854 1634 hanc
893 1595 935 1634 et
977 1595 1151 1646 propter
1189 1590 1296 1633 alias
1334 1604 1479 1632 eorum
1517 1591 1705 1634 rationes
1741 1592 1890 1635 dissol-

399 1662 575 1716 uendas‚
608 1659 919 1717 prenotandum
952 1658 1080 1713 quod,
1114 1659 1226 1701 sicut
1256 1658 1525 1714 phylosopho
1556 1659 1701 1714 placet
1733 1660 1776 1702 in
1807 1660 1891 1703 hiis

353 1744 482 1786 leque
526 1730 580 1772 de
623 1728 869 1785 sophisticis
913 1727 1085 1779 elencis,
1129 1726 1300 1768 ‘solutio
1342 1727 1582 1780 argumenti
1627 1731 1692 1769 est
1735 1729 1893 1770 erroris

398 1798 716 1841 manifestatio’.
779 1797 834 1838 Et
881 1796 981 1850 quia
1021 1808 1138 1837 error
1175 1798 1318 1849 potest
1357 1807 1450 1836 esse
1487 1795 1530 1836 in
1563 1794 1744 1836 materia
1775 1798 1818 1837 et
1848 1795 1893 1837 in

399 1868 538 1910 forma
570 1865 824 1921 argumenti,
864 1863 1094 1919 dupliciter
1126 1875 1309 1918 peccare
1342 1862 1572 1917 contingit:
1620 1866 1695 1904 aut
1726 1862 1893 1906 scilicet

352 1956 384 1981 21
400 1934 655 1979 assumendo
696 1933 866 1986 falsum,
915 1935 989 1974 aut
1025 1944 1110 1973 non
1142 1929 1436 1984 sillogizando.
1500 1929 1592 1980 Quc
1624 1929 1708 1972 duo
1740 1930 1891 1986 phylo-

520 2038 567 2073 85
593 2038 684 2083 pius
710 2037 752 2071 in
779 2036 876 2070 eccl·
902 2034 1044 2070 om.M
1127 2043 1285 2068 omnem
1299 2032 1389 2076 DG',
1414 2032 1596 2067 homines
1611 2032 1686 2067 FP
1767 2033 1813 2068 87
1838 2033 1894 2068 in·

402 2095 505 2140 cipio
534 2098 738 2129 certamen
765 2092 857 2126 HM

520 2149 544 2184 4
567 2151 591 2185 2
618 2147 915 2193 auctoritatem]
944 2147 1163 2182 autoritate
1188 2146 1267 2182 PV
1398 2144 1421 2179 3
1446 2144 1631 2190 pluribus
1657 2147 1697 2179 et
1723 2144 1895 2180 diuersis
1996 2164 2002 2191 2

402 2207 522 2241 DKT
629 2206 651 2240 6
676 2205 845 2240 rationis
872 2214 946 2239 om.
963 2202 1095 2238 DHM
1196 2202 1219 2236 8
1243 2201 1404 2247 genesis
1429 2200 1518 2235 DM
1623 2200 1669 2234 10
1694 2199 1773 2235 diei
1799 2200 1896 2236 alte-

401 2273 489 2298 rum
504 2262 621 2296 DLT
696 2261 808 2295 10-1
831 2260 1000 2294 alterum
1027 2258 1137 2293 nocti
1151 2257 1404 2292 ADHMedd
1493 2256 1537 2290 11
1556 2266 1644 2291 esse
1663 2256 1770 2291 dicta
1783 2255 1896 2290 ΒΓΕ

406 2319 447 2354 12
472 2318 626 2354 scilicet
651 2327 725 2352 om.
740 2316 907 2350 DHKM
1003 2314 1111 2359 quod
1138 2325 1215 2349 om.
1228 2314 1302 2348 ΑΕ
1410 2313 1454 2347 13
1479 2311 1680 2358 quemad-J
1707 2311 1822 2346 sicud
1847 2311 1894 2355 F,

403 2379 456 2420 qfi
482 2375 520 2409 P
620 2373 665 2408 14
690 2373 874 2417 regimen
901 2371 1026 2410 BHL,
1052 2381 1223 2415 regnum
1250 2368 1638 2404 ADEFGKMPTV
1731 2367 1776 2403 15
1801 2370 1897 2402 -tem

402 2442 484 2466 non
510 2431 632 2465 habet
658 2428 813 2463 BFPV
910 2427 954 2461 16
981 2436 1118 2461 eorum
1146 2425 1246 2460 alias
1271 2425 1345 2459 BL
1440 2424 1619 2458 rationes
1645 2432 1784 2458 eorum
1810 2421 1900 2457 ΒΜ

404 2489 447 2523 17
474 2487 585 2522 -dum
613 2490 672 2521 est
699 2484 808 2530 quod
834 2483 998 2518 DFMT
1115 2482 1159 2517 18
1185 2481 1312 2516 elenci
1338 2481 1456 2524 FPV,
1487 2480 1620 2515 clerici
1645 2479 1693 2523 Ε,
1719 2479 1794 2514 -cis
1818 2477 1898 2523 (L),
1984 2511 1987 2513 ,

404 2543 590 2579 elementi
616 2543 666 2586 H,
692 2542 760 2576 -tis
792 2541 826 2575 T
919 2539 1059 2574 19-20
1077 2542 1116 2574 et
1140 2539 1271 2573 forma.
1287 2537 1361 2572 FG
1455 2536 1502 2571 20
1520 2536 1732 2582 dupliciter
1749 2534 1812 2570 bis
1824 2534 1898 2570 BL
1983 2543 2002 2609 ¹¹

522 2635 544 2670 3
570 2635 622 2680 cf.
640 2632 765 2669 Arist.
785 2632 961 2677 Metaph.
980 2633 1012 2675 1,
1032 2634 1063 2675 1,
1082 2632 1154 2667 981
1168 2642 1194 2666 α
1211 2631 1260 2666 30
1266 2645 1279 2673 ‚·
1306 2630 1328 2665 b
1346 2631 1405 2664 31.
1526 2628 1549 2663 8
1577 2627 1673 2663 Gen.
1691 2629 1722 2670 1,
1741 2628 1801 2661 16.

405 2693 450 2728 18
476 2690 600 2727 Arist.
620 2692 668 2727 de
685 2690 797 2736 soph.
816 2690 861 2724 el.
881 2691 937 2733 18,
957 2690 1028 2724 176
1040 2688 1062 2723 b
1079 2688 1140 2723 29.
