2002 3302
397 263 443 297 36
816 261 1011 298 DANTIS
1038 262 1348 298 MONARCHIA
1375 263 1392 297 I
1419 264 1475 298 16.

399 370 589 425 periores
628 383 729 413 uere
775 374 886 420 sunt,
934 367 1047 423 quod
1088 374 1199 424 sunt,
1248 383 1422 412 necesse
1463 374 1528 412 est
1567 370 1623 412 ad
1656 372 1816 427 optime
1846 354 1898 415 se

401 436 560 478 habere
593 436 820 478 humanum
853 449 988 490 genus
1021 449 1113 478 esse
1145 437 1187 478 in
1221 435 1377 478 mundo
1410 436 1701 496 monarcham,
1744 441 1786 478 et
1817 451 1899 492 per

351 517 384 542 54
402 514 666 555 consequens
698 501 991 544 monarchiam
1024 501 1079 543 ad
1113 501 1221 544 bene
1254 513 1346 543 esse
1377 500 1535 542 mundi.

328 564 386 607 16
475 567 702 609 Ationibus
734 567 927 609 omnibus
960 579 1087 621 supra
1125 567 1277 621 positis
1310 567 1575 621 experientia
1608 567 1900 610 memorabilis
1949 614 1953 618 ,

504 636 746 685 attestatur,
791 637 927 674 status
970 631 1172 674 uidelicet
1213 631 1325 673 illius
1363 632 1616 684 mortalium,
1665 645 1790 686 quem
1823 631 1895 676 dei

369 697 529 750 3filius‚
578 698 621 738 in
668 698 848 739 salutem
888 696 1070 738 hominis
1109 696 1320 738 hominem
1360 702 1667 751 assumpturus,
1715 697 1785 739 uel
1823 711 1895 740 ex-

401 762 603 817 pectauit,
653 762 720 804 uel
768 775 863 804 cum
901 761 1035 803 uoluit
1076 763 1167 817 ipse
1210 761 1430 817 disposuit.
1494 762 1604 806 Nam
1637 763 1672 805 si
1705 776 1732 804 a
1770 762 1896 818 lapsu

401 827 631 882 primorum
665 831 902 881 parentum,
939 827 1009 880 qui
1042 826 1341 869 diuerticulum
1374 827 1456 868 fuit
1488 827 1619 869 totius
1649 831 1792 870 nostre
1825 827 1896 870 de-

370 892 615 944 euiationis,
650 891 951 947 dispositiones
984 891 1197 934 hominum
1231 896 1274 934 et
1305 896 1498 947 tempora
1529 892 1778 945 recolamus,
1810 905 1898 935 non

402 957 667 998 inueniemus
699 957 779 999 nisi
812 957 890 999 sub
924 956 1023 998 diuo
1059 956 1252 1010 Augusto
1284 956 1528 1009 monarcha,
1568 957 1778 999 existente
1810 970 1895 999 mo-

401 1021 578 1064 narchia
612 1021 818 1076 perfecta,
852 1020 1055 1062 mundum
1090 1020 1276 1073 undique
1298 1021 1428 1062 fuisse
1453 1022 1654 1074 quietum.
1702 1021 1759 1063 Et
1781 1020 1896 1074 quod

370 1094 503 1129 etune
536 1086 763 1128 humanum
797 1099 933 1140 genus
975 1086 1104 1127 fuerit
1137 1086 1243 1127 felix
1274 1086 1316 1126 in
1349 1086 1470 1140 pacis
1501 1086 1753 1127 uniuersalis
1784 1091 1898 1127 tran-

403 1152 628 1206 quillitate,
664 1151 743 1193 hoe
776 1141 1096 1206 ystoriographi
1120 1163 1279 1199 omnes,
1314 1149 1393 1191 hoc
1422 1154 1550 1205 poete
1581 1149 1782 1202 illustres,
1815 1149 1898 1192 hoe

402 1218 530 1259 etiam
563 1217 703 1258 scriba
736 1216 1072 1258 mansuetudinis
1107 1215 1263 1257 Christi
1305 1215 1453 1257 testari
1487 1214 1690 1269 dignatus
1727 1220 1805 1268 est,
1853 1221 1899 1256 et

355 1297 387 1329 ιε
402 1282 585 1336 denique
609 1282 766 1324 Paulus
796 1281 1119 1337 ‘plenitudinem
1155 1281 1372 1336 temporis’
1403 1286 1558 1322 statum
1591 1280 1708 1322 illum
1740 1279 1896 1322 felicis·

402 1348 553 1390 simum
577 1346 827 1402 appellauit.
883 1347 990 1388 Vere
1023 1353 1190 1401 tempus
1213 1353 1256 1388 et
1288 1346 1541 1401 temporalia
1573 1358 1738 1399 queque
1769 1345 1898 1400 plena

402 1414 587 1462 fuerunt,
633 1413 734 1466 quia
774 1411 932 1453 nullum
965 1416 1108 1453 nostre
1139 1411 1363 1454 felicitatis
1382 1411 1672 1458 >ministerium
1705 1410 1899 1452 ministro

351 1493 386 1518 15
403 1478 589 1534 uacauit.
655 1476 849 1526 Qualiter
880 1481 1021 1517 autem
1055 1489 1100 1518 se
1132 1475 1329 1518 habuerit
1362 1477 1490 1527 orbis,
1539 1489 1592 1517 ex
1629 1489 1712 1529 quo
1751 1475 1900 1517 tunica

402 1543 484 1584 ista
515 1541 782 1584 inconsutilis
815 1540 1064 1594 cupiditatis
1096 1553 1238 1594 ungue
1271 1541 1498 1582 scissuram
1538 1540 1732 1594 primitus
1765 1550 1898 1593 passa

403 1613 479 1659 est,
527 1612 570 1649 et
611 1607 755 1661 legere
793 1619 1029 1661 possumus,
1079 1611 1122 1647 et
1158 1605 1321 1646 utinam
1353 1618 1434 1647 non
1469 1604 1628 1646 uidere.
1692 1603 1727 1646 O
1759 1615 1898 1658 genus

354 1685 388 1710 18
403 1673 644 1723 humanum,
694 1671 863 1725 quantis
904 1670 1102 1725 procellis
1140 1675 1269 1723 atque
1301 1669 1478 1725 iacturis
1512 1669 1765 1722 quantisque
1795 1681 1898 1710 nau-

403 1739 554 1792 fragiis
586 1738 742 1792 agitari
783 1742 826 1779 te
864 1749 1038 1778 necesse
1072 1737 1156 1787 est‚'
1199 1735 1298 1776 dum
1341 1735 1482 1777 bellua
1515 1733 1741 1776 multorum
1781 1734 1899 1788 capi-

402 1809 489 1846 tum
523 1804 699 1856 factum,
733 1804 775 1844 in
809 1802 979 1844 diuersa
1012 1801 1191 1843 conaris.
1246 1800 1473 1842 Intellectu
1501 1803 1672 1853 egrotas
1703 1802 1899 1851 utroque,

352 1882 384 1905 21
403 1869 597 1911 similiter
629 1872 672 1910 et
701 1867 880 1909 affectu.
944 1866 1198 1908 Rationibus
1230 1864 1601 1918 irrefragabilibus
1633 1861 1899 1904 intellectum

403 1935 662 1989 superiorem
685 1946 768 1974 non
799 1945 936 1983 curas,
968 1944 1047 1973 nec
1079 1930 1344 1985 experientie
1376 1930 1496 1971 uultu
1528 1928 1787 1979 inferiorem,
1819 1925 1898 1968 sed

428 2040 473 2075 52
489 2040 681 2085 optimum
692 2039 766 2073 FP
825 2037 942 2073 53--4
957 2042 996 2071 et
1012 2047 1083 2081 per
1097 2047 1133 2071 c·
1148 2046 1255 2070 mon-
1273 2034 1396 2069 om.D
1462 2033 1509 2068 54
1523 2032 1780 2067 monarcham
1790 2030 1907 2066 AG'T

524 2092 570 2127 16
602 2094 619 2127 l
656 2103 777 2137 supra
811 2091 1006 2135 appositis
1040 2094 1080 2124 et
1118 2099 1191 2134 per
1218 2088 1439 2123 esse-,nciam
1470 2087 1517 2130 F,
1543 2085 1832 2121 ——existentiam
1865 2084 1906 2118 P

404 2149 425 2182 2
454 2147 642 2181 uidelicet
668 2156 742 2181 om.
757 2144 893 2188 DGM,
919 2144 1012 2178 inde
1046 2143 1080 2177 V
1193 2142 1215 2177 5
1242 2142 1418 2186 priorum
1443 2140 1515 2175 LP
1629 2138 1739 2183 quod
1765 2136 1901 2178 GKM,

406 2200 608 2246 quoddam
636 2200 682 2233 H
749 2198 989 2234 uerticulum
1009 2196 1100 2231 HM
1191 2195 1211 2230 7
1240 2195 1470 2229 inuenimus
1497 2192 1611 2227 ADG
1685 2189 1902 2234 existente]

405 2258 497 2290 ente
523 2252 598 2286 AT
701 2252 723 2286 9
750 2261 880 2296 genus
906 2251 1128 2285 humanum
1156 2248 1230 2283 AT
1302 2248 1411 2282 utilis
1437 2246 1626 2282 EFHPV
1725 2244 1770 2278 10
1793 2246 1898 2288 ysto-

405 2307 575 2352 riagrafi
598 2306 649 2348 D,
675 2304 990 2349 historiagraphi
1009 2303 1060 2337 M
1152 2303 1196 2336 13
1224 2311 1385 2346 queque
1411 2299 1574 2334 om.AT
1667 2298 1710 2331 14
1736 2297 1900 2331 fuerant

406 2361 485 2403 AT,
511 2361 626 2394 fuere
652 2358 703 2401 D,
730 2358 879 2392 fuerint
907 2357 940 2392 G
1024 2356 1244 2390 misterium
1279 2352 1483 2388 DHKLM
1580 2351 1623 2385 15
1650 2350 1717 2393 ex]
1746 2349 1796 2384 de
1821 2347 1902 2383 DG'

410 2414 452 2448 16
478 2414 692 2448 scissuram
720 2411 901 2454 undique
927 2419 1046 2455 passa
1073 2412 1134 2443 est
1161 2407 1345 2452 primitus
1373 2406 1508 2449 legere
1535 2405 1574 2438 D
1705 2403 1750 2437 17
1778 2402 1902 2447 possi-

407 2477 495 2501 mus
508 2466 589 2500 DF
683 2465 727 2498 18
753 2465 793 2497 in
819 2463 978 2508 quantis
994 2462 1065 2496 AT
1157 2460 1201 2494 19
1228 2459 1348 2494 belua
1364 2458 1520 2492 DEFH
1614 2456 1660 2490 ‘20
1686 2455 1812 2489 fatum
1829 2453 1908 2488 AB

406 2520 449 2554 21
478 2518 790 2553 inrefr·AEMV
896 2515 942 2550 22
969 2515 1046 2550 Sed
1073 2513 1227 2549 BDPV

526 2602 619 2636 2-4
664 2598 855 2636 describit
901 2599 1006 2633 hunc
1052 2597 1204 2632 statum
1252 2594 1419 2631 Orosius
1466 2593 1511 2629 in
1556 2592 1646 2628 hist.
1679 2593 1714 2633 6,
1741 2591 1790 2626 22
1811 2598 1902 2634 sqq.

408 2658 450 2691 11
480 2656 612 2690 scriba
638 2653 961 2688 mansuetudinis
987 2650 1134 2686 Christi
1165 2648 1191 2685 i.
1211 2659 1240 2684 e.
1268 2649 1404 2683 Lucas
1436 2650 1505 2689 (ev.
1523 2647 1555 2684 2,
1576 2647 1624 2686 1).
1736 2643 1783 2677 12
1804 2642 1903 2678 Gal.

404 2714 440 2754 4,
460 2713 495 2744 4.
594 2708 710 2744 15-6
736 2707 787 2752 cf.
814 2717 867 2741 ev.
886 2706 968 2741 Ioh.
988 2705 1046 2747 19,
1065 2704 1125 2738 23.
1223 2702 1269 2738 24
1295 2702 1359 2736 Ps.
1381 2701 1462 2743 132,
1482 2702 1514 2734 1.
