2002 3302
393 265 438 298 94
753 263 946 300 DANTIS
975 263 1283 300 MONARCHIA
1313 264 1370 300 111
1395 265 1545 317 9—10„
1608 282 1614 287 ·

394 371 507 414 drita
540 376 683 414 nostro
716 373 759 414 in
792 372 962 414 laudem
994 385 1068 414 sue
1102 373 1299 427 puritatis
1333 373 1616 425 continuasse,
1657 374 1700 415 in
1732 373 1886 428 quibus

347 456 376 479 81
395 446 543 495 aperte
576 439 911 495 deprehenditur
944 440 1057 494 quod
1092 453 1185 482 cum
1217 440 1271 482 de
1304 440 1468 483 duobus
1501 441 1658 496 gladiis
1689 442 1886 495 loqueba-¹

395 512 473 559 tur,
507 507 744 550 intentione
776 508 957 562 simplici
990 507 1278 562 respondebat
1311 508 1365 550 ad
1400 508 1626 552 Christum.

515 575 637 626 Quod
679 576 713 617 si
746 570 878 617 uerba
916 576 990 617 illa
1023 575 1180 618 Christi
1220 582 1262 618 et
1295 577 1411 619 Petri
1452 576 1598 632 typice
1639 582 1736 620 sunt
1777 577 1886 619 acci·

340 659 372 683 ει
396 643 566 699 pienda‚
615 657 698 685 non
731 643 785 686 ad
820 643 901 686 hoc
935 643 1047 697 quod
1082 643 1229 686 dieunt
1266 646 1351 699 isti,
1401 645 1612 687 trahenda
1651 651 1762 700 sunt,
1810 645 1885 687 sed

395 711 623 753 referenda
662 716 758 754 sunt
799 711 854 753 ad
896 724 1064 754 sensum
1108 712 1220 755 illius
1251 712 1385 767 gladii
1419 712 1472 755 de
1506 726 1588 767 quo
1620 713 1769 756 scribit
1801 714 1887 755 Ma-

396 780 519 821 theus
559 781 641 822 sic:
695 779 855 823 ‘Nolite
889 793 991 834 ergo
1024 780 1238 834 arbitrari,
1275 782 1374 835 quia
1405 782 1502 823 ueni
1535 782 1704 824 mittere
1735 794 1886 836 pacem

345 864 377 889 ετ
396 849 437 889 in
477 854 653 898 terram3
709 861 791 890 non
835 849 929 890 ueni
973 861 1123 903 pacem
1163 850 1345 903 mittere,
1391 849 1468 892 sed
1512 849 1714 903 gladium.
1779 849 1886 891 Veni

396 917 507 958 enim
541 929 740 971 separare
773 916 984 958 bominem
1016 915 1221 959 aduersus
1253 922 1416 972 patrem
1448 919 1586 960 suum'
1617 922 1698 961 etc.
1763 916 1886 968 Quod

396 984 567 1037 quidem
609 984 657 1025 fit
696 990 781 1026 tam
825 986 954 1027 uerbo
990 1000 1116 1040 quam
1149 1001 1291 1043 opere.
1356 989 1535 1044 Propter
1567 988 1679 1042 quod
1714 988 1910 1030 dicebat*

344 1069 378 1093 90
396 1053 538 1095 Lucas
580 1052 637 1095 ad
671 1052 973 1108 Theophilum:
1019 1056 1117 1109 ‘que
1153 1056 1268 1111 cepit
1300 1056 1417 1098 Iesus
1449 1057 1593 1098 facere
1625 1061 1669 1098 et
1701 1055 1886 1098 docere’.

397 1121 547 1162 Talem
587 1120 778 1174 gladium
798 1121 991 1164 Christus
1030 1136 1169 1166 emere
1204 1124 1483 1179 precipiebat,
1517 1137 1642 1177 quem
1674 1123 1886 1179 duplicem

396 1190 455 1231 ibi
488 1202 579 1231 esse
597 1189 749 1231 Petrus
782 1190 911 1232 etiam
946 1191 1246 1246 respondebat.
1311 1191 1379 1236 Ad
1403 1193 1536 1235 uerba
1558 1193 1668 1235 enim
1693 1196 1735 1234 et
1757 1205 1888 1247 opera

350 1275 383 1299 93
398 1257 535 1311 parati
577 1264 711 1310 erant,
760 1271 835 1312 per
875 1272 955 1312 que
995 1259 1186 1302 facerent
1224 1259 1336 1313 quod
1378 1260 1570 1303 Christus
1609 1259 1794 1313 dicebat,
1842 1273 1887 1302 se

397 1325 565 1367 uenisse
598 1325 809 1367 facturum
845 1340 920 1381 per
952 1327 1155 1381 gladium,
1190 1334 1235 1370 ut
1267 1328 1429 1371 dictum
1462 1333 1538 1371 est.

327 1392 383 1434 10
397 1394 594 1499 chunt
627 1393 767 1436 adbuc
802 1394 974 1448 quidam
1009 1396 1121 1449 quod
1156 1395 1458 1440 Constantinus
1490 1398 1735 1452 imperator,
1773 1409 1888 1438 mun-

472 1464 597 1507 datus
631 1480 655 1507 a
689 1465 807 1521 lepra
839 1467 1143 1509 intercessione
1175 1468 1383 1517 Siluestri,
1429 1473 1529 1511 tunc
1561 1469 1710 1511 summi
1751 1468 1887 1523 ponti-

367 1535 500 1587 afficis,
536 1536 702 1591 imperii
735 1537 893 1588 sedem,
937 1537 1102 1579 scilicet
1135 1538 1328 1591 Romam,
1369 1539 1546 1581 donauit
1579 1539 1759 1581 ecclesie
1792 1527 1894 1580 eum'

399 1605 539 1646 multis
573 1606 667 1647 aliis
700 1606 863 1660 imperii
899 1606 1190 1660 dignitatibus.
1251 1607 1316 1648 Ex
1340 1620 1421 1660 quo
1445 1613 1629 1662 arguunt
1656 1607 1888 1662 dignitates

398 1673 492 1714 illas
526 1673 682 1715 deinde
714 1675 923 1715 neminem
958 1688 1170 1716 assumere
1204 1688 1342 1730 posse,
1376 1675 1456 1717 nisi
1490 1676 1543 1716 ab
1571 1675 1753 1717 ecclesia
1786 1676 1888 1717 reci·

368 1754 382 1777 6
399 1741 500 1795 piat,
552 1743 670 1783 cuius
709 1755 782 1787 eas
821 1756 912 1784 esse
951 1743 1107 1784 dicunt.
1191 1743 1243 1784 Et
1284 1756 1336 1784 ex
1377 1743 1455 1786 hoc
1497 1744 1602 1785 bene
1640 1748 1887 1796 sequeretur

400 1811 697 1851 auctoritatem
732 1824 856 1852 unam
891 1811 944 1852 ab
978 1811 1061 1852 alia
1095 1810 1350 1865 dependere,
1385 1817 1429 1853 ut
1462 1812 1543 1866 ipsi
1576 1811 1735 1853 uolunt.

520 1879 676 1920 Positis
717 1885 757 1919 et
797 1879 945 1920 solutis
985 1880 1116 1932 igitur
1149 1880 1411 1933 argumentis
1445 1893 1525 1932 que
1557 1879 1724 1922 radices
1757 1879 1798 1920 in
1831 1878 1890 1920 di-

369 1947 507 1988 ouinis
541 1947 719 1999 eloquiis
754 1946 909 1988 babere
944 1946 1211 1996 uidebantur,
1251 1953 1413 1990 restant
1444 1961 1555 1989 nunc
1587 1947 1660 1989 illa
1693 1947 1891 2001 ponenda

401 2019 442 2056 et
476 2014 681 2056 soluenda
715 2027 796 2067 que
828 2015 870 2055 in
904 2016 1036 2069 gestis
1070 2015 1262 2057 humanis
1295 2021 1336 2057 et
1369 2015 1532 2058 ratione
1563 2015 1747 2057 humana
1777 2014 1887 2056 radi-

402 2089 563 2125 cantur.
629 2084 694 2125 Ex
729 2083 881 2135 quibus
915 2085 1093 2138 primum
1127 2089 1192 2126 est
1224 2083 1336 2137 quod
1369 2083 1641 2138 premittitur,
1683 2082 1795 2137 quod
1827 2083 1890 2125 sic

519 2197 636 2230 81—2
663 2197 898 2241 loqueretur
923 2197 995 2231 BL
1081 2197 1126 2231 83
1154 2197 1274 2241 tipice
1300 2196 1543 2230 DEFHMT
1618 2195 1735 2230 844>
1761 2195 1832 2230 sed
1849 2213 1889 2219 -

401 2257 492 2287 sunt
520 2263 594 2287 om.
613 2253 646 2287 G
780 2252 825 2288 85
852 2258 944 2287 sunt
972 2263 1045 2287 om.
1062 2253 1150 2287 ΚΜ
1282 2253 1327 2287 86
1354 2263 1452 2297 ergo
1480 2263 1505 2286 a
1530 2253 1663 2286 Dante
1681 2261 1731 2286 ear:
1747 2251 1890 2286 Matth.

401 2310 459 2350 10,
486 2309 538 2343 26
565 2311 600 2344 et
625 2311 673 2345 31
698 2310 806 2355 falso
839 2309 1029 2344 additum
1062 2319 1135 2344 om.
1163 2309 1294 2343 DGM
1315 2309 1392 2344 edd
1535 2308 1582 2343 88
1607 2317 1795 2352 seperare
1821 2307 1894 2342 ΑΕ

400 2366 516 2400 ‘ss—9
543 2365 659 2406 Quod
676 2385 717 2390 —-
735 2376 856 2411 opere
882 2377 956 2400 om.
974 2366 1008 2401 G
1136 2365 1182 2400 90
1209 2364 1333 2409 Iesus]
1362 2364 1539 2400 Christus
1565 2363 1642 2398 DG
1775 2362 1891 2397 91-2

403 2433 520 2467 quem
536 2422 865 2467 —respondebat
892 2433 964 2457 om.
986 2422 1019 2456 T
1154 2422 1198 2457 93
1226 2421 1430 2467 preparati
1456 2420 1534 2456 DG
1678 2430 1794 2465 quem
1821 2418 1891 2454 AG

401 2480 535 2513 tacere
564 2478 655 2522 GM,
671 2498 710 2503 —
730 2482 790 2514 ret
814 2479 932 2513 AHV
1024 2478 1069 2513 94
1096 2479 1276 2514 futurum
1305 2477 1452 2511 BFLP

520 2534 565 2568 10
590 2536 612 2570 3
639 2545 792 2569 romam
819 2535 1046 2570 BEFLPV
1058 2535 1145 2577 edd,
1174 2544 1381 2569 romanam
1407 2532 1649 2567 ADGHMT
1741 2531 1762 2565 5
1788 2541 1892 2566 reas-

402 2602 559 2627 sumere
587 2591 664 2627 DG
761 2592 782 2625 6
810 2591 856 2626 Et
883 2602 955 2626 om.
976 2591 1170 2626 ADFGV
1262 2601 1312 2625 ex
1339 2600 1414 2625 om.
1434 2589 1517 2624 MP
1611 2590 1632 2623 8
1657 2587 1802 2622 Positis
1820 2587 1892 2632 igi·

403 2654 467 2682 tur
494 2652 532 2683 et
559 2649 698 2683 solutis
726 2648 842 2682 ΒΚΤ
934 2648 955 2682 9
980 2652 1104 2683 restat
1131 2646 1255 2682 AMV
1350 2646 1392 2681 10
1418 2646 1593 2680 romanis
1619 2641 1834 2678 DMFicW

520 2720 662 2754 scs-ss
689 2719 830 2755 Matth.
858 2720 916 2760 10,
940 2721 1078 2754 34—5.·
1169 2719 1214 2753 90
1239 2717 1338 2753 Acta
1365 2719 1396 2761 1,
1423 2718 1454 2750 1.
1510 2708 1513 2710 ’
