2002 3302
369 235 417 270 50
803 231 999 268 DANTIS
1026 231 1338 268 MONARCHIA
1365 233 1403 268 11
1429 233 1463 268 5.

332 348 365 383 51
381 342 452 384 ille
485 346 679 384 sanctum
703 341 825 384 nobis
847 341 1019 395 reliquit
1041 340 1282 396 exemplum
1314 340 1446 382 libere
1474 339 1714 396 deponendi
1737 341 1873 397 digni-

380 414 512 453 tatem
535 411 578 452 in
601 409 811 452 termino?
845 423 940 452 cum
973 412 1216 464 assumptus
1247 409 1302 451 ab
1336 413 1478 451 aratro
1511 408 1698 451 dictator
1727 404 1870 454 factus

379 482 457 532 est,
499 482 545 520 ut
585 477 735 520 Liuius
772 478 917 527 refert,
965 482 1008 520 et
1044 481 1142 533 post
1181 477 1417 531 uictoriam,
1464 480 1561 532 post
1599 476 1872 532 triumphum,

328 560 364 588 54
378 550 549 602 sceptro
572 546 845 602 imperatorio
868 545 1065 588 restituto
1089 544 1347 598 consulibus,
1370 544 1599 588 sudaturus
1623 549 1720 600 post
1744 546 1875 589 boues

377 614 433 658 ad
486 616 641 658 stiuam
692 614 824 656 libere
870 626 1067 656 reuersus
1112 617 1189 655 est.
1266 612 1435 668 Quippe
1479 613 1522 654 in
1567 612 1660 656 eius
1703 612 1874 656 laudem

374 683 538 735 Cicero,
567 687 716 725 contra
735 681 967 736 Epicurum
995 681 1038 722 in
1063 680 1146 722 hiis
1171 693 1252 734 que
1277 679 1330 722 de
1354 680 1436 722 fine
1468 681 1671 723 bonorum
1705 680 1873 737 discep-

322 766 357 792 ω
374 755 484 804 tans,
518 750 640 792 huius
664 749 860 791 beneficii
884 761 1042 791 memor
1066 748 1167 790 fuit:
1202 746 1400 802 ‘Itaque’,
1434 747 1587 802 inquit,
1609 748 1668 790 ‘et
1691 748 1874 792 maiores

375 819 509 861 nostri
548 818 602 859 ab
643 821 785 858 aratro
826 815 1040 858 duxerunt
1082 815 1379 871 Cincinnatum
1419 815 1551 869 illum,
1597 821 1643 857 ut
1686 814 1874 860 dictator

375 887 512 930 esset’.
558 886 709 930 Nonne
734 885 957 927 Fabricius
986 884 1119 926 altum
1151 884 1273 926 nobis
1308 882 1428 925 dedit
1459 883 1702 938 exemplum
1735 885 1873 927 auari-

322 970 357 995 so
375 954 434 997 tie
461 953 719 997 resistendi?
755 944 848 996 cum
872 965 1036 1008 pauper
1060 952 1262 1006 existens,
1297 965 1373 1007 pro
1406 950 1496 993 fide
1529 964 1614 1005 qua
1635 951 1872 1007 reipublice

375 1023 613 1076 tenebatur,
652 1022 744 1064 auri
776 1020 940 1076 grande
972 1019 1140 1076 pondus
1173 1019 1363 1061 oblatum
1397 1018 1560 1072 derisit,
1594 1033 1645 1062 ac
1671 1018 1872 1074 derisum,

375 1091 508 1133 uerba
530 1091 611 1133 sibi
634 1089 932 1132 conuenientia
963 1088 1161 1140 fundens,
1186 1086 1385 1142 despexit
1408 1090 1450 1128 et
1472 1086 1691 1128 refutauit.
1734 1085 1873 1131 Huius

323 1173 360 1200 ea
376 1160 506 1203 etiam
550 1159 796 1201 memoriam
842 1156 1108 1200 confirmauit
1150 1160 1278 1211 poeta
1323 1158 1467 1197 noster
1507 1154 1552 1196 in
1596 1157 1732 1208 sexto,
1778 1167 1874 1198 cum

377 1231 568 1270 caneret:
597 1229 833 1281 ‘paruoque
862 1229 1079 1281 potentem
1099 1223 1371 1266 Fabricium'.
1415 1221 1634 1277 Numquid
1665 1236 1751 1265 non
1781 1236 1873 1278 pre-

377 1295 544 1338 fer-endi
576 1295 694 1349 leges
717 1294 902 1350 propriis
935 1291 1169 1335 commodis
1203 1290 1478 1334 memorabile
1500 1290 1623 1333 nobis
1655 1290 1874 1346 exemplar

325 1377 363 1403 es
378 1363 580 1407 Camillus
627 1362 738 1404 fuit?
788 1362 859 1416 qui
909 1360 1141 1404 secundum
1187 1359 1374 1413 Liuium,
1423 1358 1678 1414 dampnatus
1725 1358 1893 1413 exilio„

378 1437 604 1488 postquam
638 1431 819 1486 patriam
853 1429 1054 1472 liberauit
1087 1429 1318 1481 obsessam,
1358 1426 1494 1482 spolia
1535 1427 1664 1469 etiam
1697 1439 1873 1469 romana

497 1523 544 1558 52
570 1522 754 1566 termino]
782 1528 846 1557 aio
862 1522 959 1564 DM,
988 1532 1088 1566 agro
1105 1522 1150 1563 L,
1179 1524 1261 1555 toto
1277 1521 1323 1562 F,
1349 1520 1551 1564 triumpho
1572 1520 1606 1553 T
1751 1519 1798 1554 53
1824 1519 1872 1554 Et

378 1580 620 1615 BDHPedd
717 1579 763 1614 54
789 1579 1044 1624 imperatoris
1069 1577 1159 1611 HM
1243 1576 1482 1611 subditurus
1508 1575 1630 1618 BEF,
1656 1575 1812 1610 subact-
1822 1574 1874 1619 D,

378 1637 540 1672 subdat-
561 1637 595 1672 V
722 1635 768 1670 55
794 1635 942 1670 stitiam
967 1635 1013 1678 B,
1052 1643 1127 1668 sua
1154 1633 1205 1667 M
1296 1635 1356 1667 est
1386 1641 1462 1667 om.
1482 1631 1556 1666 BL
1652 1630 1773 1666 huius
1798 1630 1872 1665 BL

378 1692 424 1728 56
451 1703 530 1737 que
556 1703 633 1727 om.
647 1692 721 1727 EG
797 1691 1013 1726 disiectans
1038 1689 1224 1724 FHLPV
1315 1688 1362 1723 58
1389 1687 1643 1723 Cineinatum
1660 1686 1740 1724 AT,
1769 1688 1871 1722 cinc-

378 1748 468 1791 DH,
495 1749 724 1784 ancinatum
751 1748 787 1782 B
884 1747 930 1782 59
955 1747 1079 1781 altum
1098 1742 1376 1787 BFHPVFic,
1403 1744 1573 1779 alterum
1591 1742 1874 1785 ADGKLMT,

379 1805 489 1840 aliud
515 1806 554 1839 Ε
638 1804 748 1840 dedit
774 1804 891 1839 nobis
916 1803 989 1837 BL
1101 1801 1147 1836 62
1174 1801 1250 1836 sibi
1277 1811 1351 1836 om.
1367 1799 1489 1835 DGV
1591 1798 1638 1833 63
1663 1798 1876 1834 confirmat
1897 1843 1899 1845 ι

378 1861 532 1896 BDHL
627 1860 673 1895 65
700 1860 940 1905 preferende
957 1859 1060 1904 legis
1077 1858 1169 1893 DM
1254 1856 1483 1901 exemplum
1499 1854 1601 1890 BL?
1672 1854 1719 1887 66
1740 1854 1875 1900 damp-

378 1920 497 1952 natus
524 1921 583 1952 est
610 1906 731 1952 exilio
757 1916 831 1950 BL
943 1915 989 1950 67
1017 1915 1221 1950 obsessam
1249 1916 1287 1948 et
1314 1912 1442 1957 spolia
1468 1912 1587 1946 etiam
1608 1911 1657 1945 W

355 2001 574 2044 exercitu,
602 2010 695 2035 mox
724 2000 850 2035 victor
875 1999 1048 2034 effectus
1074 1999 1215 2042 iugum
1243 1996 1364 2030 boum
1391 1993 1542 2038 Aequis
1567 1993 1768 2037 imposuit,
1796 1993 1875 2027 vic-

379 2057 604 2101 toriamque
637 2057 753 2101 quasi
788 2056 932 2090 stivam
965 2059 1117 2097 tenens,
1156 2052 1396 2096 subiugatos
1428 2050 1562 2084 hostes
1594 2058 1691 2093 prae
1723 2057 1767 2083 se
1799 2048 1873 2093 pri·
1950 2091 1955 2096 ι

379 2122 469 2147 mus
496 2113 591 2157 egit.
696 2111 837 2147 57-59
866 2110 944 2146 Cic.
971 2111 1019 2145 de
1044 2109 1114 2155 fin.
1132 2109 1168 2153 2,
1187 2111 1220 2150 4,
1239 2107 1299 2142 12.
1396 2105 1537 2141 59—62
1562 2104 1616 2149 cf.
1649 2104 1733 2140 Val.
1758 2104 1874 2140 Max.

379 2172 413 2209 4,
434 2170 470 2212 3,
487 2170 522 2203 6.
620 2169 666 2203 64
699 2169 811 2214 Very.
830 2167 924 2203 Aen.
947 2169 983 2209 6,
1001 2167 1156 2202 844—5.
1255 2163 1396 2198 65—70
1421 2161 1474 2207 cf.
1492 2158 1644 2196 Daritis
1661 2169 1771 2196 conv.
1789 2162 1822 2203 4,
1839 2162 1875 2195 5.

380 2225 440 2260 De
475 2224 637 2260 Camilli
668 2223 803 2259 reditu
836 2222 881 2258 in
913 2223 1054 2258 urbem
1082 2219 1228 2257 Livius
1263 2217 1368 2254 nihil
1401 2218 1534 2262 refert,
1574 2215 1698 2251 immo
1728 2217 1876 2252 narrat

380 2282 432 2325 (5,
450 2282 512 2325 46,
532 2282 565 2325 7,
583 2283 642 2322 10)
672 2279 887 2316 Camillum
914 2290 939 2314 α
957 2276 1155 2314 Romanis
1185 2275 1257 2321 qui
1283 2273 1430 2310 devicti
1455 2285 1480 2308 α
1497 2271 1628 2308 Gallis
1650 2271 1762 2308 Veios
1786 2282 1876 2308 con-

379 2338 586 2384 fugerant,
613 2337 663 2372 ab
677 2337 811 2372 Ardea
836 2333 1011 2371 accitum
1037 2344 1132 2377 esse,
1159 2332 1241 2367 ‘sed
1267 2333 1387 2366 antea
1412 2330 1571 2373 accepto
1597 2330 1762 2364 senatus
1786 2338 1875 2364 con-

380 2395 498 2438 sulco,
524 2392 587 2429 uti
612 2390 787 2429 comitiis
816 2389 987 2426 curiatis
1013 2390 1220 2425 revocatus
1247 2388 1294 2422 de
1320 2385 1465 2422 eaesilio
1491 2383 1607 2420 iussu
1630 2383 1777 2430 populi
1795 2381 1876 2420 die-

379 2451 488 2486 tator
519 2448 742 2485 diceretur’.
795 2446 963 2483 Servius
994 2446 1040 2481 in
1075 2441 1376 2480 commentariis
1410 2441 1465 2476 ad
1491 2451 1652 2476 versum
1678 2438 1876 2476 Aeneidos

380 2506 498 2552 infra
530 2505 699 2541 citatum
730 2506 900 2540 narrat.-
937 2504 1043 2548 ‘post
1075 2502 1147 2537 hoc
1178 2500 1337 2546 factum
1363 2497 1404 2542 (i.
1424 2508 1454 2533 e.
1484 2495 1620 2532 Gallis
1645 2494 1776 2539 victis)
1804 2495 1875 2531 C'a-

381 2562 521 2598 millus
548 2560 671 2597 rediit
695 2559 741 2596 in
762 2559 944 2604 exilium,
969 2559 1077 2594 unde
1100 2558 1268 2603 roqatus
1285 2564 1471 2591 reversus
1489 2554 1558 2590 est’
1576 2551 1726 2598 (Servii
1742 2562 1876 2598 qram-

380 2617 523 2654 matici
548 2617 594 2653 in
627 2615 794 2663 Veryilii
819 2614 1006 2652 carmina
1032 2611 1313 2650 commentarii
1342 2621 1418 2646 rec.
1447 2609 1563 2646 Thilo
1589 2610 1625 2645 et
1642 2607 1884 2655 Haqen,‘II,·

381 2673 554 2719 Lipsiae
579 2675 688 2716 1884,
710 2683 755 2718 p.
776 2674 871 2714 116).
1352 2685 1356 2688 >
1853 2669 1863 2682 ·‘
