2002 3302
8 3142 11 3143 ,
7 3006 23 3122 »,.,,-,,

308 0 335 35 Μ’

788 280 1094 321 PRAEFATIO.
1664 279 1686 314 5

189 394 310 449 quid,
359 394 500 445 sicud,
549 391 695 443 velud,
745 395 1018 446 eoespectare,
1073 390 1222 442 immo,
1270 389 1451 441 israhel,
1502 389 1686 444 nephas,

183 461 394 517 politicia
438 460 504 502 vel
542 460 746 515 polititia
791 459 885 513 <pro
928 458 1118 513 politia),
1171 462 1414 512 tamquam,
1460 471 1686 511 umquam,

191 544 448 586 numquam.
512 527 931 584 Interpunctionibus
962 527 1054 569 fere
1088 530 1218 568 caret.

314 597 771 653 Fie=interpretatio
805 595 958 638 Italica
986 594 1161 638 Marsilii
1190 594 1327 637 Ficini
1361 594 1475 636 circa
1508 608 1547 636 a.
1576 586 1685 636 1467

173 667 441 722 composita,
474 665 576 708 inde
610 666 664 707 ab
697 679 736 707 a.
774 664 886 706 1839
920 662 1171 718 (Fraticelli)
1204 663 1375 718 saepius
1406 662 1627 717 impressa.

311 733 349 778 G
371 754 415 768 =
437 733 574 776 codex
608 731 907 784 Ashburnham
955 731 1066 773 1590
1110 730 1398 773 bibliothecae
1430 729 1687 771 Laurentia-

163 794 284 856 ¹nae,
319 802 572 845 chartaceus
604 801 768 843 formae
801 800 1113 854 quaternariae,
1164 810 1258 841 cum
1292 798 1434 840 multis
1466 798 1688 840 abbrevia-

190 872 295 913 turis
327 871 522 913 celeriter
555 875 601 912 ut
626 869 796 911 videtur
826 869 1181 923 negligenterque
1209 872 1410 910 exaratus
1432 881 1545 910 saec.
1565 867 1688 908 XV2.

189 939 369 994 Semper
400 938 549 981 scribit
581 939 760 980 athalus
793 939 885 992 (pro
920 937 1110 989 Athlas),
1156 937 1429 989 conscilium,
1471 935 1691 977 conscide-

190 1021 308 1057 rare,
341 1008 541 1057 scileant,
574 1007 773 1062 ymitarz',
806 1006 998 1061 nephas,
1031 1005 1122 1047 fere
1151 1019 1370 1048 summere
1399 1017 1492 1046 cum
1522 1016 1689 1058 compo-

190 1076 297 1125 sitis,
336 1076 422 1117 ·ch-
455 1088 532 1130 pro
564 1089 631 1127 —c-,
672 1079 717 1115 ut
750 1074 1000 1126 Luchanus,
1042 1075 1210 1126 luchas,
1245 1073 1467 1125 marchas,
1501 1073 1693 1128 furchas

190 1144 372 1185 111035.
418 1142 577 1197 Saepe
609 1146 655 1183 ut
688 1143 734 1183 D
766 1141 878 1183 falso
911 1154 1005 1183 cum
1039 1145 1322 1184 consonantes
1366 1141 1557 1195 geminat
1602 1145 1688 1182 tum

193 1210 524 1265 geminationem
558 1210 729 1263 omittit,
762 1214 808 1251 ut
840 1210 1148 1252 inennarabz'le
1181 1210 1331 1251 11586.

314 1278 359 1320 H
383 1298 427 1313 =
452 1277 589 1338 codex
627 1278 784 1319 latinus
815 1277 946 1320 medii
979 1279 1075 1319 aevi
1116 1278 1202 1319 212
1248 1278 1409 1320 musaei
1451 1277 1691 1331 Hungarici

196 1346 493 1402 Budapestini,
540 1346 738 1387 foliorum
777 1346 871 1398 122,
919 1346 1081 1388 formae
1114 1346 1290 1392 22)(29
1315 1359 1393 1398 cm,
1436 1345 1509 1387 fol.
1547 1345 1693 1386 1-24

193 1421 236 1458 et
269 1415 474 1456 98-122
509 1413 774 1466 chartaceus,
816 1414 889 1455 fol.
925 1414 1097 1455 25—97
1139 1414 1504 1456 membranaceus.
1570 1413 1694 1454 Folia

197 1483 358 1526 1—23‘
391 1482 594 1524 exhibent
627 1482 914 1524 monarchiam
949 1484 1151 1537 scriptam
1185 1483 1227 1524 in
1252 1483 1429 1524 Austria
1462 1482 1529 1524 vel
1554 1482 1694 1524 Bohe-

192 1553 276 1594 mia
310 1551 377 1593 vel
411 1551 603 1592 Moravia
636 1564 674 1592 a.
702 1551 813 1592 1438
847 1551 912 1593 vel
951 1551 1063 1593 1439
1097 1552 1151 1592 ab
1186 1551 1374 1593 Henrico
1410 1551 1580 1593 librario
1616 1563 1693 1605 pro

193 1620 368 1662 Alberto
417 1632 530 1673 rege,
589 1623 631 1660 ut
679 1624 861 1675 apparet
906 1621 964 1661 'ex
1013 1620 1325 1674 subscriptione
1375 1633 1484 1673 quae
1536 1619 1695 1673 legitur

192 1689 267 1731 fol.
292 1688 386 1730 23¹⁸:

251 1758 288 1799 Ο
320 1771 418 1808 rex,
452 1771 475 1797 ο
507 1757 670 1797 summi
703 1762 751 1798 ta
776 1757 1001 1811 principis
1033 1758 1157 1798 vniee
1187 1758 1267 1812 fili,

252 1825 437 1879 Respice
470 1825 665 1879 9⁷·atuite
699 1824 1006 1866 monarchiam
1039 1830 1169 1880 atque
1203 1826 1504 1876 monarcham,

252 1894 484 1936 Summum
518 1893 616 1934 dico
642 1893 872 1948 presulem
906 1908 1278 1949 romanorumque
1313 1895 1642 1949 imperatorem,

251 1961 316 2003 Ac
348 1962 482 2003 simul
513 1962 720 2003 lectorem
753 1961 989 2004 Albertam
1022 1963 1199 2004 nomine
1233 1963 1415 2015 dictum,

262 2031 423 2072 Vlti-mo
456 2031 719 2084 scriptorem
752 2030 983 2072 henricum
1016 2032 1164 2085 operis
1196 2032 1342 2083 huius,

255 2097 336 2140 Cui
362 2112 449 2152 pro
487 2098 681 2139 mercede
715 2098 791 2139 des
824 2103 967 2139 tecum
998 2099 1168 2153 ,qaudia
1201 2111 1313 2139 vere.

193 2167 435 2219 Sequuntur
467 2164 540 2206 fol.
566 2165 761 2207 25-98Γ
794 2165 1013 2208 ‘joachim
1045 2167 1104 2208 ad
1135 2168 1330 2222 fratrem
1356 2166 1603 2207 Bauer-ium
1638 2166 1694 2207 de

189 2235 349 2290 poncio
381 2247 518 2288 super
547 2234 803 2288 prophetas.
856 2235 906 2277 Se&
938 2236 998 2276 ad
1030 2235 1107 2276 hoc
1139 2240 1345 2277 rotarum
1376 2234 1690 2276 misterialium

193 2308 391 2348 centrum
422 2302 728 2357 inqredimur.
749 2303 798 2344 ..'
831 2309 874 2344 et
897 2302 969 2343 fol.
989 2302 1102 2343 99—
1114 2302 1194 2343 122
1229 2306 1436 2343 tractatus
1460 2301 1513 2342 de
1538 2301 1690 2342 eucha-

194 2374 313 2416 ristia
356 2374 530 2416 ‘Videte
575 2374 792 2429 quomodo
839 2375 966 2414 caute
1013 2371 1278 2413 ambuletis.
1345 2372 1355 2385 ²
1438 2370 1482 2410 In
1529 2382 1697 2412 summo

192 2442 354 2496 primae
387 2443 571 2496 paginae
604 2443 795 2496 margine
830 2441 898 2482 hic
932 2438 1151 2494 praecedit
1184 2416 1403 2480 accessus:
1456 2439 1540 2479 Hic
1575 2438 1698 2479 dans

200 2509 443 2565 Theoloyus
487 2525 673 2566 maanus
708 2511 814 2565 fuit
866 2509 1173 2564 phylosophus
1215 2507 1379 2549 οἶαι-,773
1435 2510 1567 2560 poeta
1600 2506 1696 2560 qui-

195 2578 294 2619 dem
335 2579 540 2620 eaeimius.
598 2579 709 2620 ciuis
735 2578 910 2632 plebeio
943 2590 1102 2631 qenere
1132 2576 1408 2631 florentinus.
1466 2588 1522 2615 ea·
1547 2574 1691 2628 playa

193 2648 376 2704 ytalica.
419 2646 656 2701 vprouintia
699 2645 873 2686 Tuscia.
927 2641 1102 2684 Claruit
1135 2648 1282 2684 autem
1317 2646 1512 2696 tempore
1541 2641 1694 2696 felicis

194 2716 403 2758 memorie
446 2715 617 2756 domini
653 2713 836 2754 Hem-ici
874 2713 1050 2766 quidem
1084 2712 1388 2752 Romanorum
1431 2709 1612 2763 auyusti
1654 2714 1693 2749 et
