2002 3302
534 236 730 274 DANTIS
756 233 1067 273 MONARCHIA
1091 233 1152 270 111
1178 234 1212 269 2.
1573 227 1621 268 75

76 358 96 397 ,’
198 349 238 393 D
270 351 509 406 presentem
543 345 805 401 questionem
838 342 1168 396 discutiendam,
1201 341 1311 386 sicut
1333 341 1375 384 in
1397 340 1671 397 superiori-2

127 353 196 459 Α
229 421 308 464 bus
339 423 405 462 est
435 421 671 475 peractum,
704 414 878 470 aliquod
910 414 1166 470 principium
1193 418 1270 459 ,est
1309 412 1623 466 assumendum,

50 536 51 539 ,
125 494 170 537 in
201 493 359 536 uirtute
401 490 520 533 euius
560 486 793 544 aperiende
837 485 1035 529 ueritatis
1078 489 1333 540 argumenta
1378 485 1661 527 formentum

127 561 238 607 Nam
290 560 380 603 sine
427 557 595 615 prefixo
637 555 847 612 principio
900 555 1028 597 etiam
1067 567 1170 596 uera
1208 551 1392 596 dicendo
1430 552 1627 595 laborare

87 657 90 659 -
130 627 233 684 quid
266 626 471 684 prodest?
505 638 600 668 cum
632 623 887 680 principium
920 622 1055 665 solum
1090 620 1439 665 assumendorum
1470 619 1627 663 medio-

131 710 223 741 rum
256 697 312 740 sit
343 693 482 738 radix.
1644 708 1665 731 a

248 765 341 807 Hec
362 763 494 819 igitur
516 760 828 815 irrefragabilis
850 759 1009 803 ueritas
1034 758 1287 815 prefigatur,
1321 757 1488 801 scilicet
1515 756 1629 811 quod

129 831 234 876 illud
266 830 381 887 quod
412 835 564 873 nature
595 829 821 871 intentioni
852 832 1076 884 repugnat,
1128 826 1235 870 deus
1267 826 1384 868 nolit.
1449 825 1559 869 Nam
1592 823 1629 867 si

131 901 214 946 hoc
235 913 381 944 uerum
405 912 488 941 non
511 901 637 950 esset,
672 895 1053 939 contradictorium
1082 895 1171 938 eius
1199 908 1283 937 non
1318 898 1430 937 esset
1458 893 1667 946 falsum‚9

131 967 244 1024 quod
277 971 363 1011 est:
397 965 523 1009 deum
556 978 639 1008 non
671 964 784 1007 nolle
817 963 932 1018 quod
963 968 1114 1006 nature
1147 961 1374 1006 intentioni
1403 964 1628 1017 repugnat.

127 1035 186 1084 Et
215 1036 251 1080 si
283 1035 365 1079 hoe
396 1048 480 1077 non
512 1033 681 1087 falsum,
714 1045 794 1076 nec
829 1046 880 1075 ea
915 1045 995 1086 que
1028 1035 1229 1074 secuntur
1261 1030 1317 1073 ad
1348 1031 1500 1086 ipsum.
1549 1030 1629 1071 Im-

115 1103 332 1161 'possibile
377 1102 488 1144 enim
534 1104 598 1144 est
640 1101 683 1142 in
727 1100 979 1143 necessariis
1019 1112 1282 1154 consequens
1321 1099 1477 1142 falsum
1520 1111 1627 1152 esse,
1644 1116 1688 1142 ιε»

12 1214 38 1223 ,γ
133 1170 417 1215 antecedente
437 1183 521 1212 non
554 1168 664 1211 falso
697 1169 921 1211 existente.
968 1167 1056 1211 Sed
1089 1167 1145 1211 ad
1177 1181 1262 1210 non
1294 1167 1408 1210 nolle
1446 1167 1628 1209 alterum

13 1239 70 1290 Ξ
108 1231 312 1282 *duorum
344 1238 535 1293 sequitur
575 1236 629 1280 de
674 1237 942 1291 necessitate,
990 1241 1064 1279 aut
1107 1237 1218 1279 uelle
1263 1241 1336 1279 aut
1381 1249 1464 1278 non
1502 1235 1627 1289 uelle,

12 1295 66 1368 ³31}
95 1324 98 1325 ⁷
134 1308 244 1351 sicut
275 1306 330 1349 ad
363 1319 447 1349 non
479 1305 598 1349 odire
629 1306 870 1348 necessario
903 1305 1109 1359 sequitur,
1150 1310 1224 1348 aut
1256 1318 1400 1347 amare
1438 1307 1512 1347 aut
1544 1317 1629 1347 non
1646 1322 1688 1349 15-

11 1390 52 1456 ξ
135 1388 302 1428 amare3
334 1388 420 1417 non
451 1376 563 1417 enim
595 1389 679 1417 non
711 1388 855 1418 amare
888 1379 951 1417 est
989 1374 1127 1430 odire3
1175 1388 1255 1418 nec
1292 1387 1376 1416 non
1415 1374 1526 1416 uelle
1565 1377 1629 1416 est

14 1451 16 1454 ’
134 1443 259 1495 nolle,
303 1447 350 1486 ut
393 1442 447 1486 de
492 1457 537 1487 se
582 1448 715 1499 patet.
781 1443 873 1494 Que
918 1444 954 1486 si
996 1443 1108 1486 falsa
1145 1457 1228 1486 non
1267 1447 1378 1497 sunt,
1424 1443 1507 1485 ista
1544 1456 1628 1485 non

27 1537 65 1565 ,ι
133 1514 257 1554 erunt
294 1510 424 1554 falsa:
470 1510 575 1553 deus
612 1510 702 1552 uult
740 1509 854 1564 quod
893 1524 975 1553 non
1016 1510 1129 1564 uult3
1178 1510 1298 1553 cuius
1336 1510 1506 1554 falsitas
1545 1524 1689 1554 nonm-

37 1567 58 1616 ἰ
131 1577 264 1621 habet
294 1578 568 1634 superiorem.

251 1645 375 1697 Quod
408 1650 550 1690 autem
583 1659 729 1688 uerum
751 1645 808 1688 sit
841 1645 954 1700 quod
978 1645 1149 1700 dicitur,
1183 1646 1245 1689 sic
1269 1645 1463 1689 declaro:
1498 1647 1629 1689 Mani-

132 1714 289 1757 festum
322 1718 399 1757 est·
419 1713 533 1768 quod
565 1704 671 1757 deus
702 1714 833 1756 finem
866 1718 1017 1756 nature
1041 1715 1154 1769 uult3
1188 1714 1312 1757 aliter
1335 1715 1471 1757 celum
1495 1715 1630 1758 otiose
1643 1733 1681 1758 ει

17 1830 23 1836 .
133 1786 339 1836 moueret,
381 1781 498 1836 'quod
540 1781 768 1824 dicendum
809 1796 894 1824 non
926 1787 1004 1826 est.
1067 1783 1114 1826 Si
1147 1782 1252 1826 deus
1284 1783 1421 1826 uellet·
1451 1782 1628 1839 impedi-

15 1849 51 1960 ’ἶ
135 1851 322 1904 ωοηῐιιω
354 1849 468 1903 finis,
501 1850 630 1893 uellet
662 1850 789 1893 etiam
823 1851 954 1893 finem
987 1850 1303 1907 impedimenti3
1336 1852 1461 1895 aliter
1498 1853 1627 1895 etiam

19 1931 48 1938 ⁴·
136 1916 270 1960 otiose
301 1917 445 1960 uellet.
509 1917 562 1960 Et
603 1931 696 1960 cum
739 1918 843 1960 finis
888 1918 1180 1974 impedimenti
1225 1921 1280 1962 sit
1317 1934 1401 1963 non
1442 1933 1534 1963 esse
1567 1921 1626 1962 rei
1643 1941 1678 1966 24

23 1967 43 2022 ζ’
60 1993 90 2035 ’5
134 1982 352 2044 impedite,
404 1990 651 2042 sequeretur
696 1986 821 2030 deum
866 1988 975 2031 uelle
1019 2002 1103 2030 non
1149 2002 1241 2031 esse
1285 1989 1417 2031 finem
1461 1993 1626 2042 nature,

17 2096 27 2107 ¹,
135 2063 258 2106 quem
292 2051 448 2095 dicitur
479 2054 588 2097 uelle
621 2068 727 2098 esse.
791 2056 836 2098 Si
870 2056 981 2098 enim
1015 2057 1120 2099 deus
1161 2070 1246 2099 non
1278 2057 1409 2099 uellet
1447 2056 1625 2112 impedi-

17 2118 26 2142 *
133 2124 320 2162 mentum
363 2121 478 2176 finis,
526 2126 651 2177 prout
682 2136 765 2165 non
797 2123 941 2176 uellet,
990 2128 1238 2177 sequeretur
1282 2124 1338 2167 ad
1379 2138 1461 2167 non
1500 2124 1684 2179 uelle‚2·1-

20 2267 22 2269 ,
252 2228 276 2264 2
300 2230 323 2265 3
347 2230 574 2267 formantur
599 2232 672 2268 FG
777 2233 798 2268 7
825 2234 962 2269 inrefr·
988 2234 1152 2270 BELM
1247 2237 1526 2282 prefiguratur
1553 2238 1627 2272 BL

28 2283 71 2334 ⁴4·-
134 2285 221 2322 MT
329 2286 374 2322 10
399 2287 517 2323 deum
545 2288 649 2324 uelle
674 2288 724 2332 D,
752 2289 872 2325 deum
898 2300 977 2325 non
1004 2290 1108 2326 uelle
1137 2291 1224 2327 GM
1327 2293 1371 2327 11
1398 2298 1626 2339 sequuntur

44 2339 65 2426 ’ζ
134 2341 437 2380 ADFHLPTV
530 2344 574 2379 12
600 2348 660 2380 est
688 2347 792 2380 euim
821 2346 975 2381 ABGH
1058 2349 1297 2384 necessariis
1325 2351 1627 2395 consequentiis

133 2398 278 2434 falsum
311 2409 398 2435 esse
429 2410 684 2446 consequens
703 2402 825 2438 Tedd
915 2413 1003 2439 esse
1036 2404 1180 2439 falsum
1211 2404 1290 2439 GH
1408 2406 1452 2440 13
1479 2406 1624 2441 falsum

46 2436 61 2495 ἕ
135 2452 254 2491 EFV
345 2455 451 2491 uelle
477 2456 553 2491 DG
650 2458 766 2493 15—6
793 2463 864 2494 aut
889 2470 971 2494 non
998 2470 1136 2495 amare
1163 2471 1239 2496 om.
1254 2461 1344 2496 EM
1436 2463 1480 2497 17
1506 2463 1622 2506 nolle]

134 2519 212 2545 non
229 2509 349 2553 E'GV,
365 2512 445 2546 non
459 2512 565 2547 nolle
579 2513 625 2555 F,
644 2514 748 2549 uelle
766 2516 800 2549 P
868 2515 913 2550 18
932 2517 1006 2551 erit
1020 2517 1124 2552 codd
1139 2518 1217 2553 edd
1293 2518 1337 2553 21
1358 2519 1535 2554 ociosum
1550 2518 1630 2555 GV

20 2558 48 2602 Ξ
134 2565 181 2601 22
206 2570 436 2602 moueretur
450 2567 741 2606 ADHMFicW
832 2581 942 2607 mou·
969 2574 1096 2608 otiose
1111 2574 1165 2617 M,
1194 2593 1237 2599 —
1254 2575 1447 2610 occisiose
1464 2575 1504 2609 D

34 2618 43 2640 ·'
133 2620 251 2658 23-‘7
277 2623 398 2658 uellet
413 2643 455 2649 ·-
471 2625 563 2659 finis
591 2635 665 2661 om.
682 2625 717 2661 G
811 2626 857 2661 26
884 2637 1001 2672 quem
1018 2628 1258 2672 ABLMTV,
1286 2630 1355 2674 qui
1373 2630 1497 2668 ΕΘΚ,
1527 2631 1625 2675 quia

26 2682 85 2734 433
134 2678 216 2722 FP,
243 2688 322 2724 que
347 2679 395 2723 D,
425 2680 533 2725 quod
559 2681 603 2715 H
694 2691 780 2717 esse
805 2683 910 2718 uelle
936 2683 1014 2718 ΕΤ
1121 2684 1166 2719 27
1193 2685 1244 2719 ad
1272 2685 1366 2729 non]
1395 2695 1419 2720 a
1447 2686 1525 2720 dno
1553 2685 1625 2721 AG
