2002 3302
404 242 450 277 82
816 239 1009 276 DANTIS
1036 220 1347 276 MONARCHIA
1374 241 1430 276 III
1457 240 1490 276 4.

404 350 439 392 si
474 349 696 403 quisquam
730 348 932 391 deserens
971 348 1098 401 uiam,
1140 361 1190 390 eo
1231 353 1373 391 tamen
1406 362 1481 404 per
1513 351 1649 404 girum
1682 347 1894 405 pergeret,

351 436 385 461 45
405 431 487 472 quo
521 417 592 460 uia
625 417 699 459 illa
730 416 962 473 perducit';
1017 422 1059 459 et
1092 417 1255 459 subdit:
1303 417 1692 460 ‘demonstrandum
1731 423 1808 470 est,
1847 423 1896 460 ut

404 484 711 528 consuetudine
744 484 946 527 deuiandi
980 486 1110 527 etiam
1144 486 1185 527 in
1219 491 1503 528 transuersum
1539 490 1612 529 aut
1650 484 1894 541 peruersurn

403 553 465 595 ire
511 553 713 608 cogatur-⁹.
781 552 945 595 Deinde
986 553 1123 594 innuit
1163 566 1348 606 causam,
1390 567 1520 607 quare
1562 553 1799 596 cauendum
1840 554 1896 595 sit

354 621 486 666 4sh0c
533 622 573 663 in
622 620 858 676 scripturis,
902 620 1071 663 dicens:
1125 621 1365 663 ‘Titubabit
1409 621 1527 675 fides,
1575 623 1609 664 si
1656 621 1894 664 diuinarum

403 690 707 745 scripturarum
741 689 917 731 uacillat
953 690 1213 731 auctoritas'.

523 758 617 811 Ego
664 763 804 799 autem
853 757 963 810 dico,
1012 757 1124 811 quod
1170 758 1203 799 si
1247 758 1350 800 talia
1392 758 1496 800 fiunt
1541 759 1593 801 de
1638 759 1893 814 ignorantia,

352 847 384 871 δι
404 827 668 868 correctione
698 825 928 879 diligenter
960 826 1169 879 adhibita,
1203 826 1509 880 ignoscendum
1533 832 1610 878 est,
1647 828 1757 870 sicut
1778 827 1894 882 iguo-

403 894 606 936 scendum
647 900 758 936 esset
799 894 859 935 illi
899 894 969 948 qui
1011 894 1174 936 leonem
1216 894 1257 935 iu
1298 895 1477 937 nubibus
1520 895 1784 938 formidaret.
1847 895 1891 936 Si

404 975 503 1004 uero
537 962 760 1013 industria,
807 977 888 1004 non
921 963 1046 1004 aliter
1079 976 1171 1004 cuin
1205 964 1266 1005 sic
1299 964 1535 1006 errantibus
1567 968 1632 1006 est
1665 963 1892 1018 agendum,

352 1052 387 1076 54
404 1044 528 1084 quani
564 1044 657 1072 cum
692 1031 884 1085 tyrannis
917 1031 985 1084 qui
1022 1031 1193 1085 publica
1234 1030 1326 1072 iura
1360 1044 1442 1072 non
1476 1031 1531 1072 ad
1565 1044 1783 1073 comunem
1815 1032 1892 1072 uti-

404 1098 566 1140 litatem
603 1106 815 1151 secuntur,
851 1099 925 1141 sed
961 1098 1014 1140 ad
1050 1100 1543 1154 propriamretorqucre
1575 1105 1794 1140 conantur.
1857 1098 1893 1140 Ο

403 1180 608 1208 summum
643 1167 824 1219 facinus,
859 1168 1026 1208 etiamsi
1061 1168 1281 1222 contingat
1314 1168 1354 1208 iu
1389 1167 1604 1222 sompniis,
1643 1167 1777 1208 eterni
1810 1167 1892 1221 spi-

353 1256 385 1281 57
404 1235 509 1276 ritus
541 1235 776 1277 intentione
810 1236 941 1277 abuti.
1008 1236 1102 1277 Non
1137 1236 1246 1277 enim
1281 1241 1485 1290 peccatur
1518 1236 1561 1277 in
1584 1235 1776 1290 Moysen,
1810 1248 1893 1276 nou

403 1302 446 1343 in
482 1302 637 1355 Dauid,
687 1317 769 1344 non
808 1304 850 1344 in
883 1304 979 1352 Job,
1029 1317 1108 1344 non
1149 1304 1190 1344 iu
1226 1302 1454 1357 Matheum,
1502 1317 1586 1346 non
1625 1303 1666 1344 in
1701 1302 1893 1355 Paulum,

404 1371 478 1412 sed
512 1372 554 1412 in
587 1371 781 1425 spiritum
815 1376 1006 1412 sanctum
1050 1372 1118 1424 qui
1159 1371 1344 1424 loquitur
1376 1372 1417 1412 in
1458 1371 1553 1413 illis.
1617 1372 1741 1414 Nam·
1765 1383 1893 1423 quan-

354 1461 388 1485 60
405 1452 530 1492 quam
565 1439 704 1481 scribe
731 1439 866 1480 diuini
900 1439 1055 1492 eloquii
1090 1439 1208 1480 multi
1242 1439 1337 1489 sint,
1373 1440 1520 1481 unicus
1543 1444 1684 1481 tamen
1708 1438 1894 1481 dictator

404 1512 467 1548 est
501 1506 619 1559 deus,
661 1508 730 1560 qui
767 1508 1077 1561 beneplacitum
1111 1520 1230 1548 suum
1264 1508 1385 1548 nobis
1419 1521 1492 1561 per
1525 1508 1748 1548 multorum
1782 1507 1893 1548 cala-

403 1588 493 1616 mos
527 1575 743 1629 explicare
777 1574 979 1628 dignatus
1012 1580 1089 1616 est.

353 1664 388 1688 cs
527 1643 618 1684 Hiis
650 1643 794 1696 itaque
827 1643 1076 1697 prenotatis,
1124 1642 1177 1683 ad
1222 1642 1264 1683 id
1299 1642 1409 1695 quod
1444 1642 1636 1696 superius
1669 1640 1892 1683 dicebatur

404 1710 500 1751 dico
548 1723 622 1765 per
667 1711 1033 1764 interemptionem
1080 1710 1193 1751 illius
1239 1709 1343 1751 dicti
1388 1723 1469 1762 quo
1510 1709 1656 1751 dicunt
1698 1709 1770 1751 illa
1808 1708 1892 1750 duo

405 1778 627 1820 luminaria
661 1778 805 1833 typice
840 1778 1069 1832 importare
1103 1778 1180 1819 hec
1214 1777 1296 1819 duo
1330 1778 1556 1831 regimina3
1605 1777 1646 1818 in
1684 1790 1766 1830 quo
1806 1776 1911 1829 qui-·

355 1869 388 1893 ὃς,
405 1846 498 1888 deni
542 1847 658 1888 dicto
700 1852 789 1889 tota
828 1847 891 1888 uis
931 1847 1169 1899 argumenti
1209 1846 1415 1888 consistit.
1479 1844 1602 1895 Quod
1643 1849 1784 1887 autem
1822 1843 1894 1885 ille
1955 1858 1962 1862 “

404 1928 552 1957 seusus
600 1916 769 1956 omnino
817 1915 1042 1957 substineri
1091 1929 1171 1956 nou
1222 1915 1367 1968 possit,
1428 1913 1587 1968 duplici
1636 1913 1705 1954 uia
1753 1915 1894 1967 potest

404 1983 586 2025 ostendi.
651 1984 790 2024 Primo
833 1984 945 2037 quia,
997 1996 1089 2024 cum
1135 1981 1372 2024 huiusmodi
1415 1982 1624 2035 regimina
1661 1980 1744 2021 siut
1782 1980 1893 2021 acci-

528 2083 574 2117 45
601 2084 789 2128 producit
806 2083 887 2126 AP,
917 2084 1150 2128 perducitur
1170 2084 1247 2117 BF
1304 2083 1349 2117 46
1382 2081 1712 2117 consuetudinem
1732 2079 1899 2115 EGMV

405 2139 539 2183 etiam]
568 2144 607 2174 et
636 2140 716 2174 GH
871 2140 917 2174 50
945 2141 1093 2174 fuerint
1121 2140 1261 2182 AMW,
1290 2140 1411 2174 fuerit
1438 2139 1515 2173 ΗΡ
1667 2137 1895 2181 ignorantie

404 2195 593 2230 AEGHP
662 2196 704 2230 51
734 2197 988 2240 correptione
1015 2196 1172 2231 AHMP
1193 2196 1271 2230 edd
1370 2196 1502 2239 ignos-
1522 2199 1580 2229 est
1606 2195 1710 2229 sicut
1729 2191 1902 2228 om.FM

404 2248 449 2282 54
475 2249 699 2293 tyrampnis
729 2249 804 2283 AV
911 2248 956 2282 56
984 2250 1172 2293 sompniis
1199 2248 1248 2290 D,
1276 2248 1351 2282 ssnis
1377 2248 1455 2290 AB,
1483 2248 1632 2282 somnis
1658 2245 1893 2287 FHLMPT‚

404 2312 526 2337 sonus
541 2303 588 2345 Ε,
603 2299 783 2347 ευρῇῐηίε
805 2303 848 2342 G,
865 2303 1020 2347 supmis
1046 2303 1079 2336 V
1135 2302 1252 2336 57*ss
1271 2301 1355 2336 Non
1372 2320 1407 2324 —
1424 2301 1555 2334 Dauid
1575 2310 1648 2334 om.
1664 2299 1699 2333 T
1754 2298 1800 2333 58
1815 2308 1892 2332 non

404 2357 443 2389 in
472 2354 542 2390 Iob
570 2366 644 2390 om.
660 2356 817 2390 DEGT
923 2366 1002 2389 non
1030 2356 1070 2389 in
1098 2355 1190 2388 Mat-
1218 2365 1293 2388 om.
1312 2354 1350 2388 Ε
1446 2351 1539 2396 non]
1567 2362 1699 2396 neque
1725 2351 1895 2395 AHMT,

406 2410 541 2444 necW
602 2409 740 2443 nonin
762 2408 930 2443 Paulum
955 2419 1030 2442 om.
1046 2408 1123 2442 DG
1203 2407 1249 2441 59
1276 2407 1453 2451 loquitur
1479 2406 1554 2439 illis
1573 2405 1648 2439 FP
1704 2404 1751 2439 64
1777 2405 1894 2439 inter·
1936 2426 1938 2429 .

405 2463 671 2507 pretationem
691 2462 783 2496 DM
874 2462 982 2506 quod
1002 2461 1171 2495 AEHW
1262 2460 1306 2494 65
1333 2460 1454 2504 tipice
1472 2458 1628 2493 FHTV
1718 2458 1793 2492 hec
1812 2457 1893 2492 duo
1965 2479 1974 2494 .>

404 2516 565 2559 ABDL,
593 2516 673 2550 duo
701 2517 775 2550 hec
789 2515 1059 2550 EFGMPTV
1079 2514 1156 2549 edd
1230 2514 1275 2548 68
1303 2515 1398 2558 quia
1425 2512 1589 2548 om.AT
1652 2507 1892 2557 huiusmodi]

405 2570 524 2604 huius
551 2569 711 2613 BEHP,
739 2569 810 2603 hec
837 2568 964 2602 DMT

523 2640 569 2674 48
595 2638 692 2675 ibid.
721 2642 752 2683 1,
771 2641 830 2675 37.
917 2638 1058 2673 59—62
1084 2638 1135 2683 cf.
1162 2638 1197 2672 2.
1225 2636 1337 2673 Petri
1363 2640 1394 2681 1,
1422 2637 1475 2672 22²
1496 2635 1647 2681 Spiritu
1672 2639 1812 2670 saneto
1839 2635 1894 2669 in·

405 2695 543 2738 spirati
572 2694 694 2728 locuti
721 2698 814 2728 sunt
840 2694 965 2727 sancti
996 2693 1059 2727 dei
1086 2693 1273 2727 homines.
