2002 3302
325 270 346 303 6
919 268 1226 316 PRAEFATIO.

329 377 505 418 Boemie
539 378 668 433 reyis.
724 378 810 419 Hic
843 378 1187 419 dissertissimus
1214 379 1307 434 fuit
1340 385 1507 421 orator.
1560 379 1671 421 adeo
1704 379 1822 434 quod

325 444 488 486 librum
537 445 695 500 wlyari
741 445 897 500 linqua
941 445 1110 500 ytalica
1156 446 1353 488 condidit
1395 461 1523 501 quem
1566 445 1820 491 Comediam
1863 496 1866 499 .

323 518 495 554 vocant.
544 512 615 554 vbi
645 513 938 568 viryilianum
971 513 1124 555 stilum
1152 514 1382 568 potissime
1422 529 1618 570 sequens.
1670 515 1820 570 denin-

322 581 445 635 ferni
478 581 749 636 puryatorio
791 585 831 622 et
867 571 1079 635 paradisi
1113 581 1239 635 penis
1282 586 1321 623 et
1353 583 1556 637 premiis.
1613 588 1705 625 tam
1737 583 1819 625 elo-

323 649 475 702 quenti
507 653 547 690 et
579 649 718 704 graui
745 649 846 689 stilo
888 649 1111 690 disseruit.
1170 654 1219 690 ut
1260 651 1582 692 sententiarum
1614 651 1822 707 grauitas

323 717 496 757 animos
532 721 708 771 pascat.
766 721 807 757 et
845 716 1061 757 ser-monis
1100 716 1222 771 lepos
1255 717 1455 772 linquam
1489 719 1638 773 poliat
1670 719 1816 761 addis·

323 786 470 826 centis.
534 783 747 827 Carmina
779 794 881 825 vero
910 784 1124 839 uulyaria
1156 789 1196 826 et
1229 786 1452 827 orationes
1484 786 1709 828 dictitaris
1733 800 1822 842 per

325 866 423 893 eum
457 858 548 894 tam
581 852 805 894 seculares
837 852 1035 894 homines
1068 866 1201 906 quam
1240 858 1280 894 et
1305 854 1620 908 predicatores
1647 855 1822 910 fratres

324 921 573 962 addiscant.
639 919 732 968 Que
776 933 878 961 vero
920 921 978 962 sit
1018 920 1112 961 eius
1153 921 1340 962 intentio
1374 922 1421 962 in
1453 922 1532 963 hoc
1563 922 1677 963 libro
1708 923 1822 964 satis

323 989 370 1029 in
404 989 637 1043 prohemio
681 994 721 1030 et
762 988 1000 1030 narratiuo
1026 988 1254 1043 princi-pio
1291 989 1567 1046 manifestat.
1631 989 1820 1043 Singulis

324 1056 523 1111 capitulis
569 1056 765 1098 librarius
810 1062 1063 1110 argumenta
1108 1055 1150 1096 in
1196 1057 1388 1110 margine
1433 1056 1568 1098 addit.
1643 1058 1820 1112 Semper

323 1125 468 1166 scribit
513 1125 724 1177 adscisco,
772 1126 924 1177 eciam,
977 1138 1178 1178 —cunque‚
1232 1138 1422 1180 nanque,
1476 1126 1701 1168 iurisditio
1754 1125 1821 1168 vel

324 1194 470 1244 -dicio‚
502 1193 684 1248 nephas,
709 1194 896 1248 pollicia
921 1193 987 1234 vel
1014 1193 1213 1247 pollitia,
1237 1193 1479 1247 polliticus,
1509 1208 1642 1244 -care,
1673 1198 1820 1247 autor,

323 1260 399 1303 sed
433 1262 728 1310 auctorizare,
772 1263 1009 1313 autoritas,
1052 1259 1127 1302 sed
1167 1260 1423 1303 abbrevians
1465 1274 1630 1316 semper
1668 1261 1819 1304 auom.

324 1329 432 1371 Fere
471 1329 619 1370 scribit
651 1331 947 1385 Nycomacus,
996 1342 1111 1384 ymo,
1153 1329 1416 1384 benefitium,
1458 1330 1665 1386 offitium,
1705 1330 1819 1372 iudi-

323 1398 449 1445 tium,
493 1398 688 1450 nuntius,
731 1398 884 1450 sotius,
925 1397 1118 1443 iusticia,
1159 1397 1339 1447 noticia,
1380 1398 1564 1453 ociosus,
1599 1398 1818 1453 precium,

325 1467 500 1507 tercius.

446 1533 693 1575 K=editio
726 1535 926 1589 princeps
959 1548 997 1575 a.
1026 1535 1138 1578 1559
1164 1535 1358 1577 Basileae
1393 1548 1467 1590 per
1489 1534 1690 1576 Ioannem
1711 1532 1818 1588 Opo-

323 1602 458 1642 rinum
491 1602 712 1656 impressa.

444 1669 479 1711 L
500 1690 543 1703 =
563 1669 700 1711 codex
733 1670 1046 1712 Laurentianus
1080 1671 1149 1724 78,
1186 1674 1221 1720 1,
1256 1672 1604 1714 membranaceus
1638 1682 1819 1724 magnae

324 1740 501 1790 formae,
550 1752 661 1781 saec.
710 1739 818 1779 ΧΨ2
870 1739 1022 1780 litteris
1072 1739 1367 1782 humanisticis
1415 1738 1662 1781 minusculis
1710 1749 1818 1791 quae
1896 1740 1898 1743 '

324 1805 521 1848 dicuntur
561 1806 844 1861 pulcherrime
885 1811 1086 1849 exaratus
1127 1813 1384 1860 ornatusque
1430 1811 1653 1850 stemmate
1697 1804 1819 1847 fami-

323 1874 405 1915 liae
440 1874 671 1916 Mediceae.
738 1874 803 1915 Cf.
840 1874 1037 1928 Bandini,
1084 1875 1317 1929 Catalogus
1357 1875 1555 1926 codicum
1595 1875 1819 1915 latinorum

322 1940 611 1984 bibliothecae
657 1942 972 1984 Laurentianae
1019 1944 1082 1984 111
1117 1944 1265 1996 (1776)
1304 1943 1501 1985 152—5.
1572 1941 1820 1984 Monarchia

323 2010 478 2064 legitur
519 2011 594 2053 fol.
629 2012 896 2053 231-262r.
961 2011 1183 2053 Librarius
1225 2025 1392 2066 semper
1433 2011 1582 2053 scribit
1631 2010 1818 2062 karitas,

323 2080 456 2131 cunti,
490 2084 689 2131 cuntare,
720 2080 920 2134 pulcher,
946 2080 1253 2134 pulchritudo,
1272 2094 1457 2135 pyrrus,
1481 2080 1577 2130 -tia‚
1601 2079 1689 2130 -tie,
1711 2079 1819 2120 —tius

324 2147 527 2199 (iustitia,
567 2148 800 2199 instantia,
839 2149 1070 2203 fabi-itius,
1112 2149 1338 2199 iuditium,
1380 2148 1579 2199 nuntius,
1615 2147 1817 2201 speties);

325 2219 390 2256 ter
436 2217 604 2257 otiosus
644 2221 792 2269 terque
835 2217 1018 2258 ociosus.
1093 2216 1346 2269 Plerumque
1389 2216 1536 2257 scribit
1574 2229 1679 2256 -nm-
1724 2213 1819 2266 (sed

323 2284 487 2337 immo),
529 2298 648 2338 —mp-,
684 2285 906 2339 quicquid,
943 2285 1044 2326 Rea:
1077 2286 1170 2339 (pro
1203 2285 1318 2337 reoc),
1353 2285 1584 2326 Romanus
1624 2286 1718 2336 (pro
1745 2283 1816 2323 'ro-

323 2354 516 2402 manus).
579 2351 838 2406 Saepissime
883 2351 992 2393 falso
1034 2352 1182 2393 scribit
1221 2353 1320 2393 iure
1362 2351 1426 2392 vel
1467 2352 1541 2392 iur
1578 2363 1655 2405 pro
1689 2351 1816 2402 iuris,

323 2420 424 2461 item
458 2409 710 2473 iuredictiO,
753 2421 879 2462 cuius
911 2433 987 2474 pro
1022 2421 1127 2473 eius,
1167 2421 1367 2476 felicitas
1401 2433 1474 2474 pro
1505 2420 1705 2475 falsitas,
1743 2418 1818 2460 hu—

322 2489 442 2530 milis
485 2501 560 2543 pro
600 2488 887 2540 uniuersalz's‘,
931 2503 977 2530 α).
1019 2487 1085 2529 vel
1121 2503 1180 2529 oc.
1215 2501 1290 2542 pro
1325 2492 1498 2542 quarto,
1542 2488 1620 2529 sed
1651 2499 1728 2541 pro
1759 2499 1820 2528 se-

324 2558 532 2598 cundum.
582 2580 637 2586 —-
686 2556 753 2597 Ex
800 2556 881 2598 hoc
919 2556 1027 2598 libro
1074 2555 1313 2610 descriptus
1359 2561 1423 2598 cst
1470 2554 1605 2597 codex
1644 2553 1818 2608 Maglia-

323 2624 556 2667 bechianus
578 2624 708 2666 XXX
731 2625 809 2666 187
835 2637 947 2666 saec.
975 2624 1123 2666 XVIII
1146 2624 1354 2666 exhibens
1377 2623 1472 2665 libri
1491 2624 1515 2673 Ι
1539 2635 1631 2677 cap.
1661 2620 1816 2662 1—13.

443 2692 700 2735 Mzcodex
724 2692 1123 2747 Magliabechianus
1156 2691 1286 2733 XXX
1311 2691 1396 2732 239
1432 2689 1716 2732 bibliothecae
1747 2702 1818 2730 na—
