2002 3302
384 230 452 265 104
785 201 980 264 DANTIS
1002 227 1311 265 MONARomA
1337 229 1394 264 111
1421 230 1474 264 14.

383 337 552 380 exiliis
597 337 919 392 preualentium.
989 337 1117 381 Nulla
1166 336 1229 380 est
1276 337 1361 379 alia
1410 337 1577 389 rimula,
1604 351 1699 393 ‚per
1745 351 1869 392 qua-m

383 406 517 449 uirtus
562 406 641 448 hec
685 405 740 447 ad
786 405 1010 448 ecclesiam
1057 419 1230 448 manare
1275 405 1494 461 potuisset.
1559 405 1643 448 Sed
1691 419 1717 448 a
1757 405 1870 448 nullo

353 475 555 518 sistorum
590 474 739 527 habet,
774 487 875 529 ergo
909 475 1108 517 uirtutem
1141 474 1377 529 predictam
1411 488 1492 516 non
1527 474 1667 516 habet.

503 542 625 593 Quod
659 547 798 584 autem
834 557 858 584 a
891 543 1004 585 nullo
1027 543 1200 585 istorum
1226 542 1395 596 habeat,
1430 543 1491 585 sic
1515 547 1709 598 apparet.
1763 543 1887 587 Nam?

383 612 417 654 si
451 626 477 654 a
510 611 589 653 deo
613 612 858 666 recepisset,
892 611 972 653 hoc
1007 611 1158 653 fuisset
1190 615 1262 653 aut
1295 625 1370 666 per
1403 611 1540 665 legen]
1567 611 1766 663 diuinam,
1801 615 1873 653 aut

353 693 458 735 sper
490 680 740 733 naturalem,
775 680 873 733 quia
907 679 1019 733 quod
1053 693 1077 721 a.
1111 683 1262 721 natura
1294 680 1512 734 recipitur,
1545 693 1570 720 a
1603 679 1683 721 deo
1723 679 1871 734 recipi-

383 752 463 801 tur,
498 762 579 790 non
619 753 760 790 tamen
795 749 1067 790 conuertitur.
1133 747 1218 790 Sed
1251 761 1333 789 non
1367 761 1443 802 per
1476 748 1724 797 naturalem,
1774 747 1873 801 quia

384 821 534 859 natura
566 830 649 858 non
682 817 858 871 imponit
903 816 1041 871 legem
1087 817 1166 858 nisi
1212 817 1298 858 suis
1343 817 1590 865 effectibus,
1633 830 1726 858 cum
1769 815 1874 858 deus

338 885 652 928 12insufficiens
700 898 791 927 esse
836 898 918 927 non
964 885 1111 940 possit,
1162 885 1229 926 ubi
1276 885 1366 926 sine
1404 883 1604 926 secundis
1649 885 1874 938 agentibus

384 952 545 1008 aliquid
578 954 619 994 in
654 966 747 995 esse
779 952 992 1008 producit.
1057 952 1178 994 Vnde
1213 965 1306 994 cum
1341 951 1523 994 ecclesia
1555 965 1636 993 non
1661 953 1715 993 sit
1738 951 1872 994 effec-

386 1027 451 1065 tus
484 1026 646 1070 nature,
681 1021 756 1064 sed
790 1021 858 1063 dei
894 1021 1092 1064 dicentis:
1123 1021 1277 1075 eSuper
1310 1020 1419 1062 hanc
1452 1025 1614 1075 petram
1659 1019 1874 1062 edificabo

338 1107 369 1132 15
385 1091 609 1133 ecclesiam
644 1091 806 1143 meam’,
851 1094 892 1132 et
925 1089 1047 1132 alibi:
1107 1089 1237 1144 ‘Opus
1282 1083 1527 1131 consumaui
1572 1087 1684 1142 quod
1719 1087 1875 1130 dedisti

385 1158 513 1201 michi
546 1163 591 1201 ut
624 1158 807 1212 faciam’,
842 1157 1114 1200 manifestum
1148 1162 1211 1199 est
1244 1156 1356 1210 quod
1390 1156 1428 1198 ei
1452 1160 1604 1198 natura
1626 1156 1765 1210 legem
1793 1170 1875 1199 non

384 1226 517 1270 dedit.
583 1227 665 1270 Sed
714 1240 792 1269 nec
839 1240 913 1282 per
958 1226 1166 1276 diuinam3
1215 1227 1350 1268 omnis
1393 1238 1574 1279 namque
1620 1225 1764 1267 diuina
1809 1225 1875 1267 lex

339 1295 560 1338 minorum
608 1300 954 1338 testamentorum
988 1295 1149 1350 gremio
1184 1295 1443 1349 continetur,
1491 1295 1533 1336 in
1578 1307 1660 1348 quo
1706 1293 1874 1347 quidem

385 1366 546 1422 gremio
581 1366 765 1420 reperire
799 1378 879 1406 non
913 1378 1083 1421 possum
1118 1363 1414 1419 temporalium
1447 1362 1759 1406 solicitudinem
1787 1363 1876 1405 siue

385 1448 528 1478 curam
562 1432 803 1476 sacerdotio
836 1434 970 1489 primo
1004 1432 1070 1474 uel
1105 1433 1331 1475 nouissimo
1366 1431 1704 1475 commendatam
1727 1430 1871 1473 fuisse.

336 1518 366 1543 21
385 1503 495 1554 Quin
530 1503 613 1544 imo
647 1502 816 1544 inuenio
850 1500 1096 1544 sacerdotes
1128 1501 1285 1555 primos
1318 1501 1371 1542 ab
1406 1500 1478 1541 illa
1511 1499 1565 1542 de
1586 1503 1790 1554 precepto
1813 1511 1872 1540 re-

385 1578 535 1625 motos,
584 1574 628 1612 ut
661 1574 781 1625 patet
814 1583 888 1624 per
921 1582 971 1610 ea
1004 1581 1085 1622 que
1117 1567 1221 1610 deus
1253 1567 1307 1609 ad
1331 1568 1520 1623 Moysen,
1555 1572 1597 1610 et
1628 1565 1873 1609 sacerdotes

385 1640 636 1683 nouissimos
658 1652 734 1694 per
766 1651 817 1680 ea
841 1651 921 1691 que
944 1637 1136 1680 Christus
1158 1636 1213 1678 ad
1236 1636 1479 1691 discipulos.
1545 1635 1680 1686 Quam
1703 1634 1872 1689 quidem

337 1723 369 1748 24
386 1709 440 1752 ab
474 1709 535 1750 eis
568 1721 661 1750 esse
694 1710 898 1748 remotam
932 1695 1134 1760 possibile
1170 1718 1249 1746 non
1285 1709 1408 1758 esset,
1458 1704 1493 1746 si
1525 1704 1741 1758 regiminis
1773 1708 1874 1746 tem-

386 1776 545 1833 poralis
578 1778 810 1818 auctoritas
855 1788 880 1816 a
925 1773 1167 1817 sacerdotio
1206 1772 1468 1827 demanaret,
1515 1785 1606 1816 cum
1653 1771 1793 1814 saltim
1831 1771 1875 1814 in

387 1843 689 1887 auctorizando
722 1843 948 1886 solicitudo
982 1841 1234 1897 prouisionis
1266 1842 1458 1892 instaret,
1508 1846 1550 1884 et
1591 1834 1747 1883 deinde
1779 1853 1875 1882 cau-

337 1930 369 1955 27
387 1913 474 1957 tela
507 1913 720 1965 continua,
755 1924 807 1953 ne
830 1911 1115 1953 auctorizatus
1138 1924 1162 1951 a
1186 1911 1354 1952 tramite
1378 1902 1646 1952 rectitudinis
1668 1909 1874 1952 deuiaret.

506 2032 530 2066 4
554 2032 665 2067 nulla
694 2030 839 2066 BFPV
906 2025 1040 2064 r'iuula
1067 2028 1106 2063 F
1176 2029 1198 2063 5
1224 2029 1298 2064 hoc
1324 2029 1397 2063 EL
1470 2030 1587 2063 mafie
1604 2026 1684 2071 AB,
1712 2037 1876 2062 manere

388 2090 473 2126 MV
541 2089 611 2124 sed
637 2089 750 2123 BFP
820 2087 842 2121 8
868 2086 1075 2131 recipisset
1101 2084 1175 2120 AT
1243 2086 1318 2120 hoc
1341 2086 1481 2120 fuisset
1507 2095 1579 2119 om.
1598 2085 1636 2119 F
1719 2083 1763 2118 12
1791 2082 1875 2127 ubi]

391 2147 465 2182 nisi
493 2146 578 2189 DT,
617 2145 738 2180 nichil
770 2145 814 2185 G',
854 2147 898 2178 ut
924 2142 974 2177 M
1113 2142 1157 2176 15
1185 2142 1281 2177 eccl·
1318 2140 1382 2186 in-]
1418 2141 1607 2186 templum
1642 2150 1772 2175 meum
1798 2140 1878 2175 (BL

392 2204 433 2238 18
450 2203 768 2237 testimoniorum
786 2200 935 2235 EFHL
991 2199 1032 2233 19
1048 2199 1175 2233 sollic-
1193 2198 1467 2233 BEFKLMV
1518 2198 1559 2231 21
1580 2198 1676 2242 quin
1690 2196 1884 2232 BDFPV

390 2259 453 2304 de]
474 2260 536 2293 dei
563 2259 595 2292 T
664 2258 709 2292 22
730 2268 904 2303 moysem
921 2258 1003 2299 AT,
1024 2258 1188 2291 moisem
1204 2257 1242 2290 F
1312 2255 1416 2290 etad
1440 2265 1521 2289 sac·
1540 2254 1628 2289 DM
1696 2254 1742 2288 23
1757 2263 1876 2298 quam

388 2316 581 2351 BDFPV
649 2315 693 2349 24
722 2319 913 2349 remotam
934 2324 1021 2348 esse
1039 2313 1114 2347 AD
1173 2315 1278 2347 essct
1297 2311 1370 2347 Fic
1381 2313 1431 2355 W,
1459 2314 1516 2346 est
1536 2310 1689 2345 Kcodd
1739 2309 1784 2343 26
1811 2317 1878 2343 au·

390 2371 600 2408 torizando
627 2371 743 2406 BPV
835 2370 1105 2415 promissionis
1131 2368 1205 2403 AF

511 2450 625 2484 14-5
639 2448 782 2483 Matth.
799 2450 855 2491 16,
871 2449 927 2482 18.
981 2447 1094 2482 15—6
1108 2447 1187 2481 Ioh.
1204 2448 1259 2489 17,
1273 2448 1306 2480 4.
1357 2444 1402 2479 22
1420 2444 1541 2479 Num.
1555 2446 1612 2487 18,
1628 2443 1677 2478 20
1689 2443 1879 2488 Dixitque

391 2508 576 2542 dominus
603 2506 654 2540 ad
681 2505 837 2540 Aaron:
865 2504 909 2538 Iu
939 2509 1046 2540 terra
1071 2513 1209 2538 eorum
1239 2503 1332 2536 nihil
1361 2501 1625 2546 possidebitis,
1661 2510 1735 2534 nec
1763 2499 1875 2534 habe-

392 2564 483 2598 bitis
511 2566 665 2607 partem
693 2563 797 2596 inter
825 2571 901 2595 eos.
955 2561 1039 2605 Ego
1068 2571 1159 2605 pars
1187 2565 1225 2594 et
1252 2559 1454 2594 hereditas
1481 2561 1551 2592 tua
1569 2558 1608 2590 in
1628 2556 1756 2591 medio
1781 2555 1879 2590 filio-

391 2630 477 2654 rum
506 2618 639 2653 Israel.
715 2618 761 2653 23
787 2617 891 2653 Sunt
908 2616 1027 2652 verba
1047 2614 1244 2652 Matthaei
1264 2616 1324 2657 10,
1341 2616 1365 2650 9
1388 2612 1579 2660 superius
1597 2613 1666 2648 ΙΙΙ
1679 2613 1736 2654 10,
1758 2611 1879 2655 72—4

391 2676 711 2714 commemorata.
