2002 3302
0 0 388 479 'r
129 0 589 65 ’ἢ

0 288 51 578 l}
24 527 31 534 .

582 261 1113 320 DANrrs'MoNARcfflA
1141 283 1179 318 11
1204 284 1309 319 6—7.
1651 283 1697 318 57

201 342 318 446 quod
351 392 480 434 fuerit
503 392 653 446 Roma,
687 396 730 434 et
762 391 879 435 ciues
910 392 1000 434 eius
1032 391 1125 434 siue
1154 391 1349 447 populus.
1410 391 1532 442 Quod
1567 391 1696 434 etiam

204 464 334 516 poeta
378 464 520 503 noster
559 459 687 502 ualde
726 460 940 502 subtiliter
977 459 1020 501 in
1061 465 1183 503 sexto
1222 460 1379 514 tetigit,
1423 458 1746 502 introducens45

202 528 432 571 Anchisem
464 532 781 584 plemonentem
814 528 991 582 Eneam,
1025 528 1310 570 Romanorum
1344 532 1523 583 patrem,
1557 528 1646 570 sic.

320 596 561 639 ‘Excudent
593 596 664 638 alii
697 596 904 651 spirantia
935 595 1103 638 mollius
1135 609 1221 650 era,

322 664 451 707 credo
483 664 702 719 equidem,
735 665 855 707 uiuos
888 664 1046 707 ducent
1078 664 1132 706 de
1164 678 1372 707 marmore
1404 665 1559 719 uultus,
1709 681 1744 706 48

322 734 503 776 orabunt
536 746 688 776 causas
719 733 883 786 melius,
918 732 1083 786 celique
1115 737 1282 775 meatus

321 802 564 844 describent
597 801 731 855 radio,
765 806 807 844 et
839 801 1060 856 surgentia
1093 801 1236 844 sidera
1268 801 1434 844 dicent:

321 871 388 912 Tu
420 883 567 924 regere
600 870 777 925 imperio
811 870 1003 925 populos,
1037 870 1243 923 Romane,
1277 875 1508 921 memento3
1712 886 1747 911 51

322 938 401 980 hee
433 938 511 980 tibi
545 942 666 980 erunt
700 942 826 991 artes,
859 938 1044 993 pacique
1077 937 1295 993 imponere
1328 951 1501 992 morem,

320 1019 497 1062 parcere
530 1006 747 1055 subiectis,
782 1010 825 1048 et
857 1006 1075 1048 debellare
1109 1007 1340 1062 superbos’.

202 1075 534 1130 Dispositionem
568 1088 668 1117 uero
702 1075 784 1117 loci
818 1075 1030 1117 subtiliter
1061 1076 1201 1129 tangit
1233 1076 1276 1117 in
1309 1080 1472 1130 quarto,
1508 1089 1602 1118 cum
1636 1077 1695 1119 in·
1709 1092 1744 1118 54

200 1143 390 1186 troducit
411 1143 556 1185 Iouem
579 1142 910 1185 ad-Mereurium
945 1142 998 1186 de
1022 1143 1142 1186 Enea
1174 1144 1419 1198 loquentem
1442 1145 1523 1187 isto
1547 1145 1693 1188 modo:

286 1212 399 1256 ‘Non
432 1211 548 1253 illum
582 1211 705 1254 nobis
736 1212 922 1266 genitrix
954 1211 1210 1267 pulcerrima
1242 1212 1370 1254 talem

290 1281 497 1335 promisit,
532 1280 790 1334 Graiumque
822 1279 920 1322 ideo
954 1281 1018 1323 bis
1051 1280 1254 1323 uendicat
1286 1282 1436 1335 armis;
1708 1298 1742 1323 57

290 1347 366 1390 sed
399 1347 491 1390 fore
524 1348 595 1402 qui
628 1347 854 1402 grauidam
885 1348 1076 1403 imperiis
1108 1348 1305 1402 belloque
1337 1349 1588 1393 frementem

291 1416 478 1458 Ytaliam
510 1417 703 1471 rffiegeret

122 1471 132 1483 ’
197 1484 430 1539 Propterea
463 1485 568 1527 satis
589 1498 838 1540 persuasum
873 1489 950 1536 est,
985 1485 1099 1538 quod
1123 1499 1323 1529 romanus
1356 1487 1540 1543 populus
1563 1502 1589 1530 a
1622 1502 1693 1530 na-
1708 1504 1743 1528 eo
1807 1516 1818 1526 .

193 1555 290 1594 tura
322 1551 541 1594 ordinatus
574 1552 655 1594 fuit
688 1552 743 1594 ad
773 1552 1084 1607 imperandum.
1129 1554 1243 1608 Ergo
1277 1568 1480 1598 romanus
1512 1557 1695 1612 populus

192 1620 445 1663 subiciendo
478 1621 558 1663 sibi
590 1621 736 1664 orbem
769 1621 823 1663 de
855 1622 946 1664 iure
979 1621 1034 1664 ad
1067 1622 1291 1678 imperium
1326 1624 1454 1665 uenit.

198 1688 308 1793 ΑΙ)
345 1689 450 1730 bene
473 1702 640 1743 quoque
673 1689 913 1731 uenandum
946 1691 1169 1732 ueritatem
1194 1691 1349 1744 quesiti
1384 1693 1494 1735 scire
1525 1691 1733 1749 oportet7

301 1759 413 1813 quod
447 1760 636 1802 diuinum
677 1760 881 1803 iudicium
915 1761 958 1803 in
998 1762 1124 1804 rebus
1156 1762 1412 1817 quandoque
1454 1764 1695 1809 hominibus

198 1834 267 1872 est
303 1831 589 1882 manifestum,
635 1831 890 1885 quandoque
930 1833 1156 1875 occultum.
1221 1834 1275 1875 Et
1308 1835 1582 1879 manifestum
1617 1850 1725 1893 p0-3

201 1901 286 1940 test
318 1911 411 1940 esse
444 1898 686 1954 dupliciter,
728 1900 892 1943 ratione
925 1900 1090 1944 scilicet
1124 1906 1166 1943 et
1198 1901 1301 1944 fide.
1365 1903 1476 1947 Nam
1511 1905 1693 1958 quedam

198 1965 361 2008 iudicia
405 1966 474 2009 dei
519 1973 629 2020 sunt,
675 1967 731 2010 ad
772 1981 853 2022 que
897 1969 1082 2011 humana
1126 1971 1235 2012 ratio
1281 1972 1467 2027 propriis
1511 1973 1693 2027 pedibus

199 2035 442 2090 pertingere
475 2041 629 2092 potest,
671 2037 782 2080 sieut
815 2037 869 2079 ad
904 2037 1000 2091 hoc,
1036 2038 1150 2092 quod
1186 2038 1309 2081 homo
1343 2053 1419 2094 pro
1453 2035 1589 2083 salute
1622 2055 1724 2096 pst-e

197 2106 280 2147 trie
303 2117 348 2146 se
370 2098 507 2159 ipsum
541 2110 740 2160 exponat.
795 2106 905 2149 Nam
939 2106 974 2147 si
1007 2119 1107 2160 pars
1138 2105 1268 2148 debet
1301 2120 1346 2148 se
1369 2120 1584 2163 exponere
1617 2123 1694 2164 pro

319 2198 364 2232 44
390 2197 567 2232 Roma—
582 2198 702 2232 etiam
728 2208 802 2233 om.
819 2198 854 2231 L
938 2198 984 2233 45
1011 2202 1131 2243 poeta
1149 2199 1270 2234 ualde
1290 2201 1489 2236 subtiliter
1508 2203 1639 2248 tetigit
1655 2204 1695 2237 D

197 2253 245 2289 46
272 2253 462 2289 anchisen
490 2254 767 2290 BDEHTedd
864 2255 910 2289 47
939 2255 1080 2289 melius
1107 2255 1183 2290 AF
1281 2257 1327 2291 48
1354 2261 1393 2292 et
1419 2259 1581 2303 quidem
1611 2261 1694 2303 FV,

198 2309 386 2355 equidem
415 2314 453 2344 et
481 2309 516 2343 P
599 2309 751 2355 uultus]
780 2311 930 2346 utiliter
955 2311 995 2345 D
1098 2312 1144 2347 50
1170 2313 1284 2348 radio
1313 2317 1602 2360 consurgentia
1621 2317 1694 2351 BL

196 2365 246 2401 52
264 2366 336 2401 hec
350 2365 545 2401 ADHLV
612 2367 657 2401 54
677 2367 890 2413 disponere
906 2369 942 2402 B
1015 2368 1161 2413 tangit]
1183 2374 1375 2414 tanquam
1392 2371 1464 2405 BL
1539 2372 1584 2407 55
1605 2372 1691 2417 isto]

200 2421 276 2456 hoc
303 2422 374 2456 BL
512 2423 557 2458 57
583 2427 812 2469 gramsique
839 2425 927 2468 BV,
966 2426 1168 2470 grauique
1198 2426 1245 2469 D,
1283 2427 1556 2472 grauiumque
1583 2428 1694 2463 EFG

200 2477 380 2512 uindicat
406 2479 533 2513 BDM
623 2480 668 2514 58
696 2479 777 2524 quil
806 2491 885 2525 que
911 2482 959 2525 F,
986 2481 1095 2526 quod
1122 2483 1166 2522 P,
1194 2492 1265 2526 per
1294 2482 1371 2518 GV

321 2533 338 2567 7
366 2534 388 2568 2
415 2534 522 2579 quod
549 2546 624 2570 om.
641 2535 685 2578 G,
712 2536 762 2570 ad
779 2537 891 2572 FI'V
983 2537 1005 2572 3
1031 2537 1080 2572 Et
1101 2548 1174 2573 om.
1192 2538 1316 2577 DGH
1409 2540 1430 2573 4
1458 2539 1609 2585 duplex
1626 2541 1698 2575 AT

197 2590 349 2624 scilicet
377 2591 532 2625 ratione.
559 2597 598 2625 et
624 2591 718 2626 fide.
746 2591 928 2638 Namque
954 2594 1104 2628 iudicia
1119 2595 1194 2628 FP
1309 2596 1331 2629 5
1358 2596 1578 2631 humanare
1606 2608 1692 2642 pro-

200 2646 330 2691 piisD
491 2647 513 2681 6
540 2648 595 2681 sic
612 2647 726 2683 FGP
892 2649 1011 2684 homo
1039 2660 1113 2684 om.
1130 2650 1210 2685 GV
1361 2651 1381 2685 7
1408 2662 1451 2686 se
1479 2662 1692 2697 exponere.

316 2730 457 2765 47—53
484 2730 576 2765 Aen.
595 2733 629 2773 6,
648 2732 851 2766 848-854.
950 2733 1091 2767 56-—59
1118 2733 1212 2768 Aen.
1231 2737 1264 2777 4,
1282 2734 1487 2769 227—230.
