2002 3302
1732 0 1743 29 “.
1787 0 1798 2 ·’
1813 0 2002 90 ᾷῖἵῐῑγῠ

1932 94 1937 104 ,

370 231 416 266 74
779 228 974 266 DANTIS
1000 228 1310 267 MONARCHIA
1335 229 1393 265 111
1422 230 1452 265 1.

368 338 553 381 nationis
591 339 635 380 in
673 351 742 381 me
782 351 912 381 causa
950 336 1044 379 erit.
1108 336 1195 380 Sed
1234 338 1333 392 quia
1372 336 1426 380 de
1467 341 1589 380 trono
1621 338 1859 382 inmutabili

339 420 445 450 ssuo
478 407 637 449 ueritas
669 405 939 462 deprecatur,
973 405 1173 448 Salomon
1207 406 1334 448 etiam
1367 406 1518 448 siluam
1541 405 1860 461 prouerbiorum

368 474 627 529 ingrediens,
660 473 952 517 meditandam
985 473 1225 526 ueritatem,
1274 474 1447 528 impium
1486 472 1784 516 detestandum
1815 474 1860 516 in

367 556 413 586 se
459 543 628 585 facturo
675 556 752 585 nos
800 541 940 591 docet,
989 554 1040 584 ac
1089 545 1315 596 preceptor
1362 554 1524 583 morum
1568 540 1861 598 phylosophus

319 628 352 652 12
367 611 597 654 familiaria
629 609 889 653 destruenda
922 623 997 664 pro
1029 610 1213 652 ueritate
1245 609 1411 660 suadet,
1445 614 1662 665 assumpta
1693 609 1860 652 fiducia

366 679 420 722 de
451 680 594 722 uerbis
626 678 819 721 Danielis
851 677 1084 732 premissis,
1122 677 1167 719 in
1200 677 1352 731 quibus
1385 677 1532 719 diuina
1563 678 1756 733 potentia
1788 678 1861 720 cli-

365 760 470 803 peus
503 747 774 790 defensorum
808 746 1001 788 ueritatis
1034 746 1248 799 astruitur,
1282 745 1402 787 iuxta
1433 738 1714 788 monitionem
1736 745 1861 788 Pauli

314 831 348 858 15
364 815 472 858 fidei
513 815 689 857 loricam
721 813 915 863 induens,
963 814 1005 855 in
1046 813 1188 856 calore
1221 814 1420 856 carbonis
1452 814 1564 856 illius
1597 827 1719 868 quem
1751 827 1860 858 unus

366 883 419 926 de
453 883 663 938 Seraphin
697 883 866 938 accepit
898 881 952 924 de
984 882 1109 924 altari
1143 882 1291 924 celesti
1324 886 1366 924 et
1397 882 1541 935 tetigit
1571 882 1688 924 labia
1714 882 1858 932 Ysaie,

364 951 605 1006 gignasium
639 963 813 1006 presens
845 949 1077 1005 ingrediar,
1111 954 1154 992 et
1185 951 1230 992 in
1262 949 1437 992 brachio
1470 950 1582 993 illius
1605 951 1775 1004 quinos
1803 950 1860 994 de

318 1036 350 1062 18
364 1024 578 1076 potestate
610 1019 880 1062 tenebrarum
913 1018 1113 1060 liberauit
1144 1018 1187 1059 in
1219 1018 1428 1072 sanguine
1460 1031 1550 1071 suo,
1589 1019 1764 1073 impium
1795 1022 1858 1061 at-

364 1101 445 1142 que
478 1087 728 1131 mendacem
761 1086 815 1129 dc
846 1086 1036 1142 palestra
1067 1090 1292 1141 spectante
1324 1085 1482 1128 mundo
1516 1086 1682 1128 eiciam.
1745 1085 1858 1137 Quid

362 1155 568 1198 timeam?
615 1169 707 1197 cum
747 1155 921 1210 spiritus
959 1154 1071 1209 patri
1112 1159 1154 1196 et
1193 1153 1286 1196 filio
1322 1158 1546 1196 coeternus
1579 1153 1668 1196 aiat
1704 1167 1780 1210 per
1811 1167 1860 1197 os

314 1241 347 1266 ει
362 1224 527 1266 Dauid:
577 1222 640 1265 ‘In
681 1222 886 1265 memoria
926 1226 1076 1265 eterna
1114 1223 1195 1264 erit
1226 1218 1462 1275 iustus,‘ab
1495 1221 1713 1265 auditione
1745 1222 1860 1265 mala

361 1305 445 1335 non
479 1290 670 1334 timebit’.

482 1359 656 1410 Questio
697 1360 828 1414 igitur
866 1371 1055 1414 presens,
1101 1357 1156 1400 de
1198 1371 1282 1412 qua
1328 1357 1545 1412 inquisitio
1588 1358 1733 1401 futura
1779 1362 1859 1413 est,

314 1446 347 1471 211
362 1429 473 1471 inter
505 1428 588 1470 duo
622 1428 848 1470 luminaria
870 1440 1026 1481 magna
1048 1430 1255 1480 uersatur,
1289 1439 1507 1468 romanum
1530 1426 1696 1469 scilicet
1724 1426 1860 1482 ponti-

362 1496 493 1539 ficem
526 1501 569 1538 et
600 1508 818 1538 romanum
851 1495 1108 1550 principem;
1158 1498 1202 1535 et
1235 1494 1423 1547 queritur
1456 1498 1594 1536 utrum
1625 1495 1860 1538 auctoritas

363 1563 593 1606 monarche
625 1563 803 1617 romani,
850 1561 921 1615 qui
956 1561 1010 1604 de
1042 1562 1131 1604 iure
1164 1561 1396 1604 monarcha
1427 1561 1573 1603 mundi
1607 1566 1684 1615 est,
1732 1565 1777 1603 ut
1814 1562 1856 1603 in

310 1650 347 1676 27
361 1631 548 1675 secundo
593 1631 700 1674 libro
749 1630 973 1686 probatum
1019 1634 1096 1683 est,
1143 1628 1376 1672 inmediate
1413 1643 1439 1671 a
1479 1628 1560 1671 deo
1601 1629 1857 1685 dependeat,

362 1714 416 1742 an
450 1701 503 1742 ab
537 1700 680 1753 aliquo
713 1698 783 1741 dei
815 1698 977 1741 uicario
1012 1698 1077 1740 uel
1110 1697 1318 1752 ministro,
1352 1711 1474 1752 quem
1502 1698 1620 1740 Petri
1643 1710 1856 1741 successo-

360 1783 448 1812 rem
480 1768 687 1822 intelligo,
723 1768 794 1821 qui
827 1780 926 1809 uere
959 1767 1149 1821 clauiger
1181 1771 1245 1808 est
1277 1767 1397 1821 regni
1431 1767 1629 1809 celorum.

478 1875 500 1910 9
527 1874 716 1911 salamon
736 1875 852 1908 DEP
949 1874 993 1908 10
1019 1874 1231 1919 imperium
1257 1873 1560 1910 EGKLTVFic
1658 1875 1700 1909 11
1727 1875 1855 1909 factu-

358 1943 426 1968 ros
451 1932 497 1976 A,
524 1942 611 1967 -rus
643 1931 683 1976 T,
709 1932 846 1966 futuro
875 1932 916 1965 K
986 1929 1211 1976 preceptor]
1239 1934 1518 1975 preceptorum
1546 1930 1627 1975 AT,
1653 1934 1799 1966 —tarum
1817 1930 1859 1964 D

361 1988 405 2023 12
432 1987 589 2033 suadet]
619 1988 737 2023 docet
763 1987 830 2022 uel
856 1986 1002 2022 suadet
1027 1987 1074 2030 Β,
1108 1986 1224 2021 decet
1241 2006 1281 2011 -—
1299 2006 1340 2011 —
1356 1987 1391 2020 L
1503 1986 1723 2031 Assumpta
1747 1985 1862 2021 ΑΒΚ

359 2046 436 2082 PV
511 2045 554 2079 14
581 2044 771 2079 defensor
786 2043 869 2077 EH
938 2043 1160 2078 abstruitur
1174 2042 1333 2086 AEHV,
1362 2044 1608 2078 abstrahitur
1625 2043 1659 2078 G
1733 2042 1778 2077 16
1804 2042 1855 2077 de

359 2113 433 2138 om.
452 2101 498 2146 G,
525 2111 574 2136 ex
593 2101 670 2136 ΒΚ
766 2100 810 2135 17
835 2100 1078 2144 gimnasium
1098 2100 1172 2134 LP
1266 2097 1532 2144 ingrediatur
1546 2099 1597 2143 D,
1623 2098 1800 2136 -diantur
1821 2097 1856 2133 G·

360 2159 404 2194 18
430 2159 642 2204 imperium
670 2156 740 2191 AL
840 2156 885 2191 19
911 2160 1158 2201 spectantem
1185 2156 1346 2191 EGLM
1350 2157 1385 2192 V
1474 2154 1639 2200 mundo]
1666 2154 1761 2190 inde
1778 2153 1856 2198 .2D,

359 2215 454 2249 vide
482 2214 517 2249 G·
610 2214 731 2249 etiam
751 2212 875 2247 DGM
970 2213 1017 2247 20
1042 2213 1124 2248 aiat
1143 2211 1333 2256 ABFPT,
1360 2213 1416 2247 ait
1435 2212 1735 2255 DGHLMVW,
1762 2211 1858 2246 aicit

358 2272 405 2315 Ε,
434 2271 542 2306 dicat
568 2271 610 2305 K
701 2268 748 2304 23
775 2268 951 2313 Questio]
981 2268 1190 2309 Quomodo
1218 2269 1304 2303 MT
1371 2270 1531 2304 factura
1560 2268 1647 2302 ΕΜ
1767 2281 1770 2283 Α

358 2327 475 2362 26-’7
502 2325 816 2362 ut—inmediate
842 2325 971 2360 om.D

478 2422 523 2456 10
550 2420 669 2456 Prov.
687 2422 720 2464 8,
741 2421 763 2455 7
796 2419 1016 2456 Veritatem
1042 2421 1306 2456 meditabitur
1331 2424 1473 2466 guttur
1499 2429 1643 2463 meum,
1678 2422 1716 2454 et
1747 2418 1858 2453 labia

359 2489 449 2514 mea
475 2478 787 2513 detestabuntur
812 2477 991 2522 impium.
1090 2477 1134 2511 12
1160 2475 1282 2512 Arist.
1298 2477 1388 2512 Eth.
1408 2479 1441 2521 1,
1459 2478 1494 2518 6,
1512 2479 1546 2520 1,
1564 2475 1664 2511 1096
1677 2486 1702 2510 α
1721 2476 1767 2510 14
1791 2473 1858 2510 Vi-

349 2535 519 2574 debitur
540 2562 546 2569 .
568 2533 736 2568 ‚melius
763 2543 852 2568 esse
872 2560 880 2568 .
899 2560 907 2568 .
930 2538 968 2569 et
996 2542 1182 2579 oportere
1208 2545 1280 2579 pro
1308 2534 1440 2569 salute
1465 2533 1649 2569 ueritatis
1675 2534 1715 2567 et
1740 2531 1838 2566 fami

357 2592 473 2626 liaria
499 2591 721 2626 destruere.
822 2590 865 2625 14
891 2592 924 2625 1.
949 2590 1080 2626 Thess.
1100 2592 1136 2635 5,
1153 2592 1187 2625 8.
1292 2590 1409 2625 15-6
1435 2589 1486 2635 cf.
1504 2590 1557 2624 Is.
1576 2591 1612 2633 6,
1628 2589 1734 2623 6—7.

356 2651 498 2686 21-22
524 2651 590 2686 Ps.
612 2652 690 2694 111,
709 2652 741 2685 7.

1982 2562 2002 2629 ἱ
