2002 3302
367 253 413 288 26
742 254 934 291 DANTIS
962 255 1271 292 MONARCHIA
1298 257 1318 292 I
1346 259 1494 293 11—12.

369 375 421 403 ex
463 360 542 404 hiis
583 373 664 415 que
702 361 756 404 de
795 360 958 416 causis;
1007 369 1050 406 et
1087 369 1245 418 quanto
1279 379 1408 408 causa
1450 368 1586 421 magis
1617 372 1682 410 est
1713 381 1856 424 causa,

368 434 487 471 tanto
521 430 658 483 magis
690 430 893 473 effectum
927 431 1082 486 diligit,
1132 446 1226 474 cum
1267 433 1439 476 dilectio
1478 435 1576 477 talis
1607 441 1857 490 assequatur

310 514 353 539 ἐκ)
369 511 541 540 causam
586 511 663 553 per
707 511 766 540 se.
829 499 933 541 Cum
973 500 1104 554 igitur
1142 502 1374 545 monarcha
1411 502 1466 545 sit
1498 503 1857 547 uniuersalissima

370 579 500 608 causa
531 566 642 608 inter
672 568 885 619 mortales,
918 572 963 609 ut
988 568 1178 611 homines
1200 570 1308 612 bene
1330 571 1489 625 uiuant,
1523 572 1622 625 quia
1643 572 1857 629 principes

369 634 442 676 alii
475 647 552 689 per
584 635 714 686 illum,
758 641 803 676 ut
835 635 994 677 dictum
1029 642 1106 686 est,
1156 651 1419 692 consequens
1458 644 1522 682 est
1556 640 1666 694 quod
1701 641 1856 683 bonum

309 719 352 745 ⁴³3
369 702 586 744 hominum
619 704 673 745 ab
707 717 756 746 eo
789 705 972 746 maxime
1004 704 1221 759 diligatur.

489 770 613 821 Quod
653 776 794 813 autem
834 773 1065 815 monarcha
1103 774 1324 829 potissime
1355 788 1401 818 se
1434 775 1591 819 habeat
1621 776 1676 819 ad
1709 790 1856 832 opera-

369 839 526 881 tionem
559 840 732 892 iustitie,
767 841 860 893 quis
893 840 1095 883 dubitat?
1142 844 1221 885 nisi
1256 843 1327 896 qui
1360 857 1509 886 uocem
1542 844 1652 886 hanc
1682 858 1765 887 non
1796 845 1857 887 in-

318 927 352 952 96
369 907 537 961 telligit,
587 920 680 949 cum
730 908 765 950 si
803 909 1033 951 monarcha
1075 915 1151 966 est,
1201 910 1344 953 hostes
1383 911 1540 954 habere
1584 926 1667 955 non
1707 914 1854 968 possit.

367 975 483 1018 Satis
515 977 644 1030 igitur
675 976 893 1019 declarata
925 978 1225 1034 subassumpta
1256 980 1517 1034 principalis,
1558 980 1658 1033 quia
1689 981 1855 1023 conclu-

367 1045 429 1086 sio
464 1051 583 1086 certa
615 1050 700 1087 est:
734 1045 900 1087 scilicet
923 1045 1036 1099 quod
1060 1046 1115 1088 ad
1139 1047 1345 1102 optimam
1368 1047 1688 1102 dispositionem
1711 1048 1857 1090 mundi

319 1134 353 1159 99
367 1126 542 1155 necesse
574 1119 639 1155 est
671 1113 962 1155 monarchiam
995 1127 1099 1156 esse.

294 1183 351 1226 12
367 1181 478 1286 ET
520 1180 747 1223 humanum
787 1195 921 1236 genus
959 1184 1178 1237 potissime
1221 1183 1398 1226 liberum
1440 1184 1599 1239 optime
1634 1197 1680 1227 se
1714 1184 1855 1227 habet.

471 1252 568 1295 Hoc
607 1253 689 1294 erit
726 1254 1014 1306 manifestum,
1060 1255 1095 1296 si
1141 1255 1396 1310 principium
1441 1260 1590 1310 pateat
1634 1255 1855 1307 libertatis.

336 1323 549 1379 3Propter
593 1324 705 1378 quod
751 1325 983 1381 sciendum,
1033 1326 1146 1380 quod
1191 1327 1446 1382 principium
1492 1327 1670 1382 primum
1714 1331 1856 1370 nostre

367 1392 580 1435 libertatis
613 1398 678 1435 est
710 1393 884 1436 libertas
917 1395 1096 1446 arbitrii,
1131 1408 1256 1448 quam
1289 1395 1408 1437 multi
1442 1395 1600 1437 habent
1628 1395 1672 1437 in
1694 1408 1780 1446 ore,
1812 1395 1856 1437 in

366 1460 588 1503 intellectu
626 1475 727 1503 uero
768 1462 908 1516 pauci.
942 1463 1159 1504 'Veniunt
1200 1476 1382 1516 namque
1414 1476 1547 1517 usque
1579 1463 1635 1505 ad
1667 1463 1762 1516 hoc,
1810 1467 1856 1505 ut
1882 1500 1885 1503 .

335 1547 351 1571 e
367 1529 514 1571 dicant
546 1530 724 1571 liberum
757 1530 976 1572 arbitrium
1005 1544 1098 1573 esse
1120 1531 1298 1573 liberum
1321 1530 1375 1572 de
1396 1531 1615 1572 uoluntate
1638 1530 1853 1572 iudicium.

366 1597 422 1638 Et
455 1611 600 1639 uerum
635 1597 805 1650 dicunt3
854 1597 929 1641 sed
971 1599 1242 1653 importatum
1276 1611 1352 1654 per
1383 1599 1514 1640 uerba
1545 1598 1671 1653 longe
1704 1603 1769 1640 est
1799 1599 1854 1640 ab

367 1666 452 1721 eis;
488 1666 845 1719 quemadmodum
879 1672 969 1708 tota
1002 1666 1072 1708 die
1104 1667 1234 1720 logici
1266 1668 1397 1708 nostri
1425 1666 1590 1708 faciunt
1612 1666 1665 1709 de
1688 1666 1855 1720 quihus-

335 1733 465 1777 9dam
499 1734 874 1789 propositionibus,
915 1748 997 1788 que
1029 1734 1086 1777 ad
1118 1735 1371 1790 exemplum-
1391 1735 1644 1789 logicalibus
1677 1735 1854 1778 interse-

365 1808 532 1854 runtur3
581 1809 685 1857 puta
717 1802 771 1845 de
803 1803 905 1845 hac:
953 1803 1211 1858 Triangulus
1252 1803 1383 1845 habet
1414 1809 1500 1846 tres
1532 1802 1698 1845 duobus
1728 1803 1856 1845 rectis

366 1871 552 1924 equales.
615 1872 670 1913 Et
712 1871 810 1913 ideo
850 1871 946 1914 dieo
988 1871 1102 1925 quod
1143 1871 1348 1914 iudicium
1385 1871 1571 1914 medium
1610 1877 1675 1914 est
1705 1884 1855 1926 appre—
1899 1883 1906 1889 ¹

276 1975 278 1978 ,
314 1957 349 1982 ιε
365 1938 578 1981 hensionis
611 1946 653 1980 ct
676 1940 916 1994 appetitus3
952 1954 1047 1981 nam
1072 1940 1205 1994 primo
1229 1952 1295 1981 res
1318 1938 1664 1995 apprehenditur,
1698 1938 1855 1981 deinde
1920 1936 1923 1939 ⁴

366 2007 635 2062 apprehensa
673 2008 784 2050 bona
807 2009 875 2050 uel
907 2009 1020 2050 mala
1052 2007 1277 2060 iudicatur,
1311 2013 1354 2049 et
1376 2007 1524 2049 ultimo
1545 2006 1741 2049 iudicans
1762 2019 1855 2062 pro-

413 2144 459 2178 90
483 2155 580 2188 ergo
596 2145 711 2180 ΑΘΚ
717 2146 765 2181 W
840 2145 1184 2180 uniuersalissiina
1198 2141 1322 2188 AFz'c(
1330 2144 1362 2178 T
1374 2153 1423 2178 ea:
1437 2144 1683 2183 correctura)
1702 2143 1753 2185 W,
1767 2142 1863 2189 util-v

365 2199 515 2246 reliqui
613 2201 656 2235 91
683 2202 787 2236 inter
814 2212 951 2236 omnes
978 2202 1166 2236 mortales
1191 2201 1265 2235 AT
1358 2199 1404 2235 93
1429 2200 1560 2245 magis
1586 2199 1768 2244 diligitur
1782 2198 1859 2232 AT

390 2257 436 2291 94
462 2258 667 2302 potissime
682 2257 981 2301 AKMTFieW,
1009 2258 1283 2302 potentissime
1309 2254 1459 2301 reliqui
1562 2255 1608 2290 96
1635 2255 1765 2300 diligit
1777 2253 1855 2290 DG'

366 2314 411 2348 97
438 2318 498 2348 est
524 2314 729 2349 declarata
755 2314 841 2357 DF,
870 2314 957 2348 dec·
984 2318 1043 2348 est
1071 2314 1149 2349 GK
1235 2312 1467 2357 principalis
1494 2312 1590 2356 quia
1615 2309 1855 2354 BDGLFic,

367 2382 428 2416 pr·
455 2380 581 2415 quare
603 2371 685 2414 AF,
712 2381 773 2415 pr·
801 2370 915 2414 quasi
934 2370 990 2413 M,
1018 2380 1078 2415 pr·
1108 2379 1228 2414 quam
1247 2369 1290 2410 P,
1314 2379 1375 2413 pr·
1402 2368 1532 2403 existit
1558 2367 1654 2412 quia
1675 2367 1723 2412 E,
1750 2367 1855 2412 priu-

366 2426 485 2471 cipali
513 2431 624 2471 patet
651 2427 746 2471 quia
760 2427 862 2469 HW,
889 2426 1099 2470 principali
1127 2435 1254 2470 quare
1275 2425 1313 2468 V,
1340 2425 1443 2459 -liter
1469 2434 1590 2469 quam
1609 2424 1643 2458 Τ
1728 2423 1774 2458 98
1793 2433 1854 2468 op-

360 2486 490 2517 ·tatam
524 2484 558 2517 V
649 2483 695 2517 99
721 2483 979 2517 monarcham
1007 2481 1122 2516 FGT

486 2537 530 2572 12
558 2540 576 2572 1
604 2538 666 2582 Et]
696 2539 886 2574 Preterea
914 2538 1022 2583 quod
1048 2537 1087 2571 D
1173 2548 1214 2572 se
1240 2537 1362 2572 habet
1389 2542 1471 2582 opt·
1496 2535 1572 2571 DG
1681 2536 1704 2570 3
1727 2535 1854 2570 scien-

358 2596 462 2631 -dum
489 2600 547 2630 est
562 2595 807 2631 AEMTVW
875 2596 1045 2640 primum
1072 2605 1147 2629 om.
1162 2593 1235 2628 EG
1322 2593 1416 2628 4-5
1443 2603 1512 2628 ore
1528 2592 1732 2627 intellectu
1747 2590 1857 2642 GLP

389 2653 412 2687 5
439 2652 551 2697 uero]
579 2657 713 2688 tamen
737 2653 810 2686 BL
919 2651 941 2686 8
967 2652 1072 2695 loyci
1090 2650 1279 2686 BDFGL
1389 2650 1411 2683 9
1437 2649 1538 2693 loyc-
1560 2648 1645 2691 BD,
1672 2647 1761 2682 loic-
1781 2645 1862 2694 EL—

365 2711 612 2744 interserunt
638 2709 683 2752 E,
710 2715 909 2744 -serentur
935 2709 981 2749 P,
1007 2709 1236 2743 inferuntur
1262 2707 1331 2742 BL
