2002 3302
355 223 401 257 30
763 222 959 259 DANTIS
988 222 1296 260 MONARCHIA
1323 224 1340 258 I
1371 225 1423 260 13.

355 329 551 383 loqueris.
615 330 683 372 Ex
716 331 868 384 quibus
898 331 1124 385 colligitur,
1158 330 1272 385 quod
1301 332 1458 387 optime
1480 332 1732 388 dispositum
1752 347 1847 379 esse

355 402 525 453 oportet
568 399 727 454 optime
771 399 878 441 alios
923 398 1148 454 disponere
1192 400 1418 442 uolentem.
1486 400 1574 444 Sed
1611 401 1844 446 monarcha

304 483 338 509 24
355 466 469 509 solus
502 471 567 510 est
597 467 669 509 ille
702 468 773 521 qui
803 471 944 523 potest
967 469 1125 523 optime
1148 480 1241 510 esse
1264 467 1495 524 dispositus
1517 468 1574 511 ad
1595 469 1844 524 regendum.

356 534 481 586 Quod
502 535 565 577 sic
587 534 849 578 declaratur:
886 535 1148 590 Vnaqueque
1175 549 1241 579 res
1273 550 1323 579 eo
1355 537 1526 580 facilius
1547 541 1590 580 et
1612 538 1850 593 perfectius

356 602 411 645 ad
446 603 636 646 habitum
670 609 712 646 et
744 603 799 646 ad
832 605 1121 659 operationem
1153 603 1403 660 disponitur,
1437 618 1519 660 quo
1551 606 1688 648 minus
1718 608 1762 648 in
1793 620 1846 650 ea

304 688 338 714 2⁷
357 676 422 714 est
455 671 509 714 de
542 672 844 714 contrarietate
877 671 932 714 ad
965 672 1093 715 talem
1137 672 1483 728 dispositionem3
1531 673 1644 716 unde
1674 675 1848 718 facilius

357 744 398 782 et
446 740 679 795 perfectius
732 741 907 782 ueniunt
957 739 1013 782 ad
1062 741 1253 783 habitum
1297 741 1607 797 phylosophice
1650 743 1846 787 ueritatis

357 809 428 862 qui
469 808 600 851 nichil
640 822 823 862 unquam
866 808 1133 863 audiuerunt,
1183 823 1307 864 quam
1354 810 1426 864 qui
1471 810 1726 853 audiuerunt
1769 825 1846 868 per

307 894 342 919 30
356 881 562 932 tempora,
612 882 654 919 et
691 877 810 919 falsis
853 877 1122 932 opinionibus
1159 878 1309 920 imbuti
1346 883 1454 922 sunt.
1519 880 1700 935 Propter
1733 879 1846 934 quod

357 946 464 987 bene
488 945 690 988 Galienus
721 945 858 999 inquit
885 946 992 988 tales
1025 945 1183 1002 duplici
1207 952 1398 1002 tempore
1419 947 1614 1002 indigere
1636 948 1691 990 ad
1713 949 1845 991 scien·

357 1015 459 1056 tiam
492 1013 810 1068 acquirendam.
874 1014 978 1057 Cum
1011 1028 1113 1069 ergo
1147 1015 1377 1057 monarcha
1409 1016 1565 1058 nullam
1598 1016 1848 1071 cupiditatis

307 1099 339 1124 ³3
357 1082 626 1124 occasionem
661 1082 818 1125 habere
850 1083 999 1138 possit,
1033 1083 1099 1124 uel
1133 1083 1275 1124 saltim
1306 1084 1522 1126 minimam
1554 1083 1664 1126 inter
1695 1089 1847 1126 morta-

356 1151 431 1203 les,
466 1156 512 1193 ut
543 1152 738 1206 superius
771 1156 835 1194 est
866 1156 1094 1202 ostensum,
1136 1150 1249 1204 quod
1283 1153 1436 1194 ceteris
1467 1152 1731 1207 principibus
1762 1166 1847 1196 non

359 1219 579 1274 contingit,
629 1224 671 1261 et
710 1219 923 1275 cupiditas
964 1220 1058 1275 ipsa
1103 1220 1193 1262 sola
1231 1221 1285 1262 sit
1329 1221 1571 1276 corruptiua
1609 1220 1756 1263 iudicii
1804 1225 1848 1264 et

306 1304 340 1330 se
358 1287 520 1330 iustitie
561 1287 846 1343 prepeditiua,
897 1301 1158 1341 consequens
1199 1293 1262 1330 est
1307 1288 1420 1343 quod
1452 1290 1544 1344 ipse
1575 1289 1644 1331 uel
1676 1290 1845 1332 omnino

358 1356 426 1398 uel
459 1357 643 1398 maxime
676 1356 783 1398 bene
817 1355 1049 1411 dispositus
1081 1356 1136 1398 ad
1169 1357 1400 1412 regendum
1434 1371 1528 1400 esse
1561 1362 1717 1413 potest,
1749 1358 1849 1412 quia

358 1424 469 1466 inter
503 1431 668 1467 ceteros
700 1424 903 1467 iudicium
938 1429 980 1466 et
1011 1425 1217 1467 iustitiam
1249 1426 1468 1480 potissime
1501 1431 1641 1481 potest
1676 1426 1847 1481 habere,

308 1510 342 1535 ³9
359 1506 440 1546 que
473 1491 556 1534 duo
596 1493 951 1547 principalissime
984 1493 1093 1546 legis
1125 1493 1247 1534 latori
1281 1498 1322 1534 et
1354 1494 1462 1547 legis
1497 1494 1715 1535 executori
1748 1507 1846 1536 con·

359 1560 549 1614 ueniunt,
597 1565 781 1602 testante
826 1574 926 1615 rege
967 1560 1039 1602 illo
1082 1561 1361 1614 sanctissimo,
1410 1574 1505 1603 cum
1550 1561 1846 1603 conuenientia

359 1629 450 1682 regi
484 1635 526 1671 et
558 1629 649 1670 filio
682 1628 797 1683 regis
826 1629 1071 1684 postulabat
1094 1643 1119 1671 a
1142 1629 1241 1671 deo:
1275 1629 1441 1684 ‘Deus',
1465 1630 1697 1683 inquiebat,
1729 1628 1846 1672 ‘iudi-

310 1714 345 1738 42
362 1698 470 1738 cium
510 1702 624 1738 tuum
667 1698 757 1752 regi
802 1697 870 1750 da,
919 1702 961 1739 ct
1002 1698 1207 1739 iustitiam
1246 1704 1360 1739 tuam
1400 1698 1492 1739 filio
1530 1699 1668 1752 regis’.
1733 1698 1848 1740 Bene

362 1767 492 1819 igitur
524 1765 685 1807 dictum
719 1770 797 1819 est,
846 1779 939 1807 cum
974 1765 1129 1808 dicitur
1170 1767 1211 1807 in
1250 1766 1562 1821 subassumpta,
1611 1765 1724 1819 quod
1763 1779 1849 1808 mo·

361 1834 523 1876 narcha
562 1834 676 1876 solus
714 1838 778 1876 est
815 1834 886 1876 ille
927 1835 997 1888 qui
1036 1838 1175 1889 potest
1215 1847 1307 1876 esse
1339 1834 1498 1889 optime
1531 1833 1762 1888 dispositus
1794 1831 1850 1882 ad

308 1919 343 1944 45
362 1901 609 1957 regendum.
673 1903 787 1956 Ergo
832 1902 1065 1944 monarcha
1110 1903 1224 1944 solus
1269 1903 1427 1957 optime
1473 1902 1578 1945 alios
1623 1901 1849 1956 disponere

361 1975 516 2024 potest.
581 1970 648 2012 Ex
680 1983 763 2024 quo
795 1971 986 2024 sequitur
1018 1970 1131 2024 quod
1170 1970 1226 2012 ad
1258 1971 1461 2025 optimam
1493 1969 1639 2011 mundi
1672 1969 1850 2024 disposi—

362 2039 520 2081 tionem
553 2038 802 2081 monarchia
833 2039 887 2081 sit
919 2039 1176 2081 necessaria.

294 2113 349 2155 14
437 2107 474 2148 T
507 2106 620 2160 quod
654 2111 796 2162 potest
827 2107 923 2149 fieri
956 2120 1033 2162 per
1064 2120 1206 2156 unum,
1239 2107 1389 2148 melius
1422 2110 1485 2147 est
1506 2118 1582 2160 per
1604 2117 1731 2146 unum
1752 2104 1850 2146 fieri

468 2191 593 2232 quam
626 2191 702 2233 per
733 2179 870 2233 plura.
936 2178 1059 2230 Quod
1098 2180 1160 2221 sic
1201 2173 1469 2220 declaratur:¹
1514 2177 1579 2219 Sit
1616 2189 1743 2219 unum
1775 2188 1852 2231 per

483 2295 528 2329 ‘23
555 2295 653 2329 alios
674 2296 820 2340 optime
841 2295 916 2330 GT
983 2295 1029 2329 24
1055 2305 1142 2330 esse
1169 2296 1316 2340 optime
1329 2294 1404 2328 AT
1473 2293 1518 2326 ‘26
1545 2295 1584 2328 et
1610 2302 1678 2336 op·
1696 2290 1853 2326 BDEF'

343 2344 345 2347 ’
366 2351 478 2385 KLP
550 2355 609 2385 est
627 2352 667 2385 in
688 2361 735 2385 ea
753 2351 839 2385 GM
931 2351 976 2385 ‘29
1003 2351 1122 2385 nichil
1142 2361 1349 2395 nunquam
1368 2351 1414 2393 L,
1433 2359 1650 2394 numquam
1670 2347 1791 2382 nichil
1811 2346 1852 2388 V,

365 2417 574 2452 nunquam
588 2407 639 2450 D,
667 2418 705 2441 n-
725 2407 876 2452 aliquid
891 2407 920 2441 A
999 2407 1217 2442 audierunt
1230 2407 1399 2442 DGLM
1466 2405 1683 2440 audierunt
1693 2402 1861 2438 BDGM

365 2465 411 2498 33
439 2464 568 2498 saltim
588 2464 676 2507 BH,
703 2463 841 2498 saltem
869 2462 1018 2508 reliqui
1141 2463 1186 2498 35
1211 2463 1278 2498 illa
1292 2463 1365 2497 BL
1484 2462 1530 2496 36
1556 2457 1855 2496 conueniensD

366 2521 411 2555 38
438 2523 565 2566 potest
595 2521 745 2555 habere
770 2520 852 2564 AT,
891 2521 930 2554 h·
959 2531 996 2565 p·
1023 2519 1172 2565 reliqui
1363 2519 1410 2553 40
1434 2518 1500 2552 illo
1526 2527 1626 2562 rege
1651 2516 1723 2551 AG

366 2577 412 2611 42
438 2577 560 2621 Beue]
587 2577 696 2611 unde
722 2577 808 2611 MT
931 2578 977 2611 46
1005 2588 1054 2612 ex
1083 2577 1202 2611 BDV

486 2680 527 2713 31
561 2679 739 2713 Galenus
766 2679 814 2713 de
841 2676 1127 2723 coquoscendis
1152 2676 1304 2712 morbis
1334 2678 1388 2712 10.
1468 2704 1469 2707 ,
1490 2675 1631 2710 41-42
1656 2676 1722 2709 Ps.
1741 2675 1797 2715 71,
1815 2671 1853 2707 2.
