2002 3302
406 277 453 311 42
827 278 1022 315 DANTIS
1049 279 1359 317 MONARCHIA
1385 281 1422 316 II
1447 282 1481 317 3.
1551 325 1554 328 ἢ

525 384 878 441 Subassumptam
932 400 1032 430 uero
1085 388 1329 431 testimonia
1379 393 1571 431 ueterum
1623 390 1896 445 persuadent.

405 452 514 497 Nam
562 453 732 496 diuinus
779 459 908 509 poeta
954 460 1098 499 noster
1147 456 1350 511 Virgilius
1399 471 1474 513 per
1522 462 1655 500 totam
1689 457 1898 501 Eneidem
1972 448 2002 496 s.

355 539 389 564 21
404 520 755 575 gloriosissimum
794 536 938 577 regem
972 524 1132 566 Eneam
1173 530 1337 579 patrem
1379 527 1541 569 romani
1580 526 1727 582 populi
1765 526 1901 568 fuisse

405 593 585 631 testatur
629 590 671 631 in
717 591 962 633 memoriam
1007 593 1324 648 sempiternam.
1398 593 1520 644 Quod
1566 595 1690 637 Titus
1734 594 1905 647 Liuius,-

403 656 618 712 gestorum
652 658 937 701 Romanorum
970 661 1112 703 scriba
1151 662 1363 716 egregius,
1412 663 1454 704 in
1494 662 1632 718 prima
1671 666 1791 718 parte
1832 662 1899 706 sui

353 745 388 769 24
403 725 628 768 uoluminis
670 740 751 780 que
790 741 815 768 a
857 732 986 782 capta
1020 729 1149 771 Troia
1181 731 1308 772 sumit
1340 730 1577 784 exordium,
1618 733 1896 773 contestatur.

403 792 481 844 Qui
518 794 689 847 quidem
723 796 1027 855 inuictissimus
1059 802 1189 851 atque
1222 798 1437 853 piissimus
1475 804 1598 854 pater
1637 803 1794 853 quante
1825 811 1896 840 no-

403 861 580 904 bilitatis
613 863 678 904 uir
710 863 852 918 fuerit,
903 878 986 907 non
1018 866 1153 908 solum
1186 880 1264 908 sua
1295 866 1568 909 considerata
1599 868 1772 920 uirtute,
1819 865 1895 909 sed

353 949 385 975 27
401 931 718 984 progenitorum
764 945 935 974 suorum
979 938 1108 988 atque
1156 947 1347 988 uxorum,
1398 948 1578 989 quorum,
1624 940 1899 988 utrorumque

401 998 601 1041 nobilitas
635 999 894 1043 hereditario
927 1002 1017 1043 iure
1048 1003 1091 1044 in
1122 1003 1258 1058 ipsum
1294 1003 1518 1057 confluxit,
1567 1003 1784 1058 explicare
1823 1015 1894 1044 ne-

402 1067 576 1122 quirem,
621 1068 695 1110 sed
729 1082 893 1111 summa
925 1082 1078 1123 sequar
1112 1071 1297 1125 uestigia
1328 1084 1480 1113 rerum.
1544 1070 1760 1121 Quantum
1792 1082 1900 1124 ergo

351 1154 387 1180 30
401 1134 455 1176 ad
475 1137 710 1191 ,propriam
753 1137 842 1179 eius
880 1137 1162 1192 nobilitatem,
1211 1138 1450 1181 audiendus
1482 1142 1546 1182 est
1577 1142 1705 1194 poeta
1736 1141 1899 1189 noster,

399 1203 672 1247 introducens
703 1205 746 1246 in
780 1207 915 1260 primo
949 1206 1155 1248 Ilioneum
1190 1211 1381 1249 orantem
1413 1207 1495 1249 sic:

601 1272 707 1314 ‘Rex
742 1277 834 1315 erat
866 1273 1007 1316 Eneas
1039 1274 1162 1317 nobis
1195 1288 1278 1328 quo
1310 1274 1462 1317 iustior
1493 1274 1604 1317 alter

348 1359 382 1384 33
602 1354 681 1383 nec
713 1340 875 1396 pietate
908 1341 1004 1395 fuit,
1037 1355 1117 1385 nec
1149 1343 1260 1385 bello
1292 1342 1427 1385 maior
1459 1346 1502 1385 et
1531 1341 1683 1386 armis’.

399 1408 652 1452 Audiendus
692 1415 756 1452 est
794 1409 907 1452 idem
949 1409 991 1451 in
1031 1415 1152 1453 sexto
1186 1411 1270 1465 qui,
1318 1424 1412 1453 cum
1447 1410 1500 1453 de
1533 1411 1695 1453 Miseno
1727 1413 1896 1452 mortuo

398 1478 655 1532 loqueretur,
705 1479 776 1532 qui
815 1478 955 1520 fuerat
997 1479 1196 1521 Hectoris
1234 1480 1424 1522 minister
1459 1480 1500 1521 in
1539 1479 1665 1528 bello,
1714 1476 1757 1520 et
1793 1482 1892 1534 post

350 1564 383 1588 se
398 1551 573 1589 mortem
616 1546 815 1588 Hectoris
846 1547 963 1589 Euee
1003 1547 1238 1590 ministrum
1280 1561 1325 1590 se
1364 1540 1557 1601 dederat,
1606 1546 1712 1589 dicit
1750 1546 1890 1601 ipsum

397 1615 605 1658 Misenum
637 1613 733 1656 ‘non
766 1614 970 1657 inferiora
1001 1617 1221 1668 secutum',
1257 1616 1616 1671 comparationem
1647 1614 1813 1658 faciens
1835 1612 1893 1655 de

397 1683 516 1726 Enea
548 1682 602 1724 ad
637 1684 879 1735 Hectorem,
923 1697 1047 1737 quem
1081 1697 1154 1739 pre
1187 1684 1381 1727 omnibus
1413 1685 1622 1726 Homerus
1654 1681 1890 1738 glorificat,

348 1767 382 1793 ³9
397 1757 443 1794 ut
474 1752 607 1794 refert
641 1751 933 1806 phylosophus
965 1752 1007 1793 in
1042 1752 1122 1794 hiis
1156 1765 1238 1806 que
1271 1751 1325 1794 de
1357 1752 1544 1795 moribus
1586 1749 1802 1805 fugiendis
1834 1748 1891 1791 ad

396 1819 687 1862 Nicomacum.
750 1818 962 1869 Quantum
996 1833 1097 1862 uero
1130 1819 1185 1862 ad
1221 1819 1535 1873 hereditariam,
1570 1817 1760 1872 quelibet
1790 1830 1896 1873 pars

397 1887 601 1943 tripartiti
643 1888 757 1929 orbis
796 1892 883 1929 tam
923 1888 1015 1930 auis
1049 1901 1174 1940 quam
1208 1887 1460 1942 coniugibus
1491 1886 1608 1928 illum
1640 1884 1894 1928 nobilitasse
1968 1885 1976 1890 “

519 2006 562 2040 19
588 2004 873 2050 Subsumptam
902 2006 949 2049 B,
977 2003 1272 2050 Subassumpta
1298 2003 1457 2050 reliqui,
1483 2015 1585 2040 corr.
1607 2005 1655 2040 W
1738 2003 1783 2038 21
1809 2003 1891 2047 glo-

396 2064 546 2098 riosum
562 2062 683 2098 Aedd
779 2062 826 2096 22
852 2063 1045 2097 memoria
1072 2064 1316 2107 sempiterna
1330 2063 1408 2097 ET
1499 2061 1546 2096 24
1572 2066 1690 2106 troya
1703 2059 1902 2095 ABHLV

396 2122 566 2154 testatur
597 2118 675 2153 DG
873 2118 918 2153 25
961 2119 1256 2154 inuestissimus
1287 2119 1334 2163 E,
1377 2119 1527 2153 inueet-
1547 2117 1593 2162 G,
1635 2118 1722 2151 mit·
1741 2117 1802 2156 K.-
1831 2116 1891 2149 in—

394 2176 518 2210 iunct-
536 2175 592 2218 M
619 2175 731 2210 inuit·
761 2176 796 2210 V
917 2179 1040 2220 atque
1068 2176 1268 2220 piissimus
1295 2174 1460 2211 om.DG
1590 2173 1635 2208 27
1661 2173 1891 2219 genitorum

394 2231 475 2274 AT,
503 2241 670 2277 pregen-
686 2231 722 2264 B
832 2231 877 2264 29
903 2232 1089 2276 nequiuit
1114 2231 1159 2275 A,
1188 2232 1330 2266 -uerim
1361 2231 1396 2264 T
1500 2231 1547 2265 30
1573 2231 1659 2265 eius
1684 2228 1891 2274 propriam

394 2288 486 2322 DM
599 2289 685 2322 eius
712 2298 785 2322 om.
803 2287 912 2321 AFT
1041 2288 1083 2322 31
1112 2289 1341 2323 holioneum
1367 2289 1412 2330 B,
1444 2287 1542 2332 ylio·
1555 2286 1644 2329 ΒΘ,
1677 2284 1823 2329 Hyleo-
1841 2283 1894 2327 E,

394 2345 493 2379 illio·
514 2345 559 2386 F,
586 2344 725 2389 hylyo-
747 2343 793 2387 H,
820 2343 940 2377 helio·
959 2344 1005 2387 L,
1033 2344 1153 2388 hylio·
1176 2345 1211 2380 V
1325 2343 1371 2378 35
1397 2343 1544 2378 ethoris
1571 2342 1607 2376 B
1721 2340 1767 2375 36
1793 2338 1890 2375 dicit

394 2411 467 2435 om.
482 2401 555 2435 FP
649 2400 789 2435 36-37
817 2401 949 2445 ipsum
976 2401 1211 2435 miseeutum
1240 2410 1420 2445 compar·
1446 2400 1482 2434 B
1578 2399 1624 2434 38
1651 2398 1830 2434 ethorem
1854 2395 1896 2430 Β

394 2457 441 2491 40
466 2457 711 2492 hereditaria
739 2457 816 2490 EF
914 2456 957 2490 41
986 2457 1172 2501 tripertiti
1206 2457 1241 2491 V
1332 2460 1413 2491 tam
1440 2475 1472 2480 -
1491 2455 1734 2500 coniugibus
1761 2450 1894 2489 om.D

393 2514 503 2548 illum
530 2524 604 2548 om.
622 2513 702 2555 GV,
729 2513 802 2548 lac.
830 2514 899 2548 rel.
918 2512 947 2547 A

511 2608 557 2643 22
571 2609 652 2643 -24
678 2607 766 2644 Liv.
786 2610 818 2652 1,
839 2611 871 2643 1.
991 2608 1037 2643 29
1063 2608 1115 2653 cf.
1142 2608 1251 2653 Very.
1271 2607 1367 2643 Aen.
1387 2610 1419 2650 1,
1439 2608 1513 2642 342
1547 2607 1618 2642 sed
1644 2615 1800 2641 summa
1818 2614 1890 2646 ⁴se-

394 2675 496 2709 quar
522 2666 686 2710 fastigia
712 2675 859 2700 rerum.
980 2665 1122 2700 32—33
1154 2665 1263 2710 Very.
1278 2664 1374 2699 Aen.
1390 2666 1423 2708 1,
1437 2664 1595 2698 544-5.
1711 2661 1758 2696 37
1782 2659 1883 2697 ibid.

390 2724 425 2765 6,
445 2723 527 2756 170.
625 2722 672 2756 39
697 2720 821 2757 Arist.
840 2722 930 2757 Em.
950 2723 1035 2765 7,1,
1055 2722 1150 2756 1145
1165 2732 1190 2756 a
1209 2721 1269 2755 21.
