2002 3302
34 2546 47 2587 ·-‹
35 2299 57 2530 uve—ioum„

544 286 740 324 DANTIS
767 284 1078 324 MONARCHIA
1105 285 1164 321 111
1190 285 1224 321 3.
1607 281 1653 318 79

150 396 407 442 traditiones
439 410 546 452 quas
578 395 820 439 decretales
851 394 1020 448 dicunt;
1055 407 1137 448 que
1170 392 1341 448 quidem
1367 392 1448 435 etsi
1471 389 1702 434 auctori-eo

152 470 243 510 tate
275 466 514 522 apostolica
537 468 636 508 sunt
654 462 911 513 uenerande,
945 461 1255 505 fundamentali
1277 465 1421 503 tamen
1443 459 1653 514 scripture

123 533 476 594 *postponendas
510 546 604 576 esse
636 530 919 574 dubitandum
951 544 1036 573 non
1070 533 1148 585 est,
1183 543 1278 572 cum
1302 528 1495 573 Christus
1518 540 1654 570 sacer-

153 602 278 646 dotes
310 602 604 658 obiurgauerit
637 599 692 643 de
726 600 954 643 contrario.
1019 599 1123 642 Cum
1157 599 1268 641 enim
1301 598 1654 651 interrogassent,
1668 610 1703 636 63

152 671 298 726 ‘quare
329 670 529 726 discipuli
572 669 633 712 tui
676 667 949 710 traditionem
982 667 1193 710 seniorum
1225 662 1653 721 transg1·ediuntu1·‘?’,

153 738 433 795 negligebant
478 738 588 780 enim
634 749 833 778 manuum
877 735 1092 785 lotionem,
1139 733 1334 778 Christus
1374 733 1436 776 eis
1477 731 1654 774 Matheo

155 810 340 850 testante
372 804 614 862 respondit:
660 804 804 858 ‘quare
838 806 880 846 et
911 816 989 845 uos
1020 801 1371 857 transgredimini
1402 799 1653 844 mandatum
1669 816 1703 841 66

155 873 226 918 dei
257 878 432 930 propter
464 872 739 915 traditionem
772 875 957 914 uestram
970 871 1004 913 ’θ’
1065 871 1115 913 In
1148 884 1231 925 quo
1264 870 1369 913 satis
1400 869 1537 912 innuit
1571 872 1653 911 tra-

154 941 357 985 ditionem
388 939 746 997 postponendam.
810 938 934 990 Quod
973 939 1009 982 si
1048 938 1302 981 traditiones
1340 938 1521 981 ecclesie
1557 941 1655 993 post

154 1009 381 1052 ecclesiam
415 1013 527 1062 sunt,
559 1012 605 1050 ut
638 1007 902 1050 declaratum
937 1012 1016 1061 est,
1048 1019 1224 1050 necesse
1257 1010 1322 1050 est
1342 1011 1390 1049 ut
1410 1020 1495 1049 non
1522 1005 1655 1049 eccle·
1668 1021 1702 1047 69

154 1077 218 1122 sie
255 1065 284 1120 a
319 1075 635 1130 traditionibus,
683 1075 760 1118 sed
802 1076 856 1118 ab
896 1075 1081 1118 ecclesia
1123 1074 1428 1118 traditionibus
1471 1073 1654 1117 accedat

155 1145 405 1187 auctoritas.
470 1144 628 1198 Hiique
672 1144 786 1186 solas
817 1143 1071 1187 traditiones
1104 1143 1328 1197 habentes,
1373 1144 1428 1187 ab
1466 1143 1561 1195 hoc,
1607 1147 1654 1185 ut

155 1211 395 1266 dicebatur,
438 1213 636 1267 gignasio
682 1211 938 1255 excludendi
982 1216 1093 1255 sunt.
1157 1211 1339 1267 Oportet
1385 1211 1497 1254 enim
1542 1210 1704 1254 hanc-12

154 1279 382 1331 ueritatem
423 1285 627 1323 uenantes
664 1293 718 1322 ex
755 1280 836 1323 hiis
874 1294 929 1323 ex
969 1280 1122 1335 quibus
1154 1279 1337 1323 ecclesie
1369 1282 1516 1322 manat
1554 1292 1653 1322 auca

131 1349 320 1402 toritas,
353 1348 653 1404 inuestigando
690 1348 936 1404 procedere.

276 1417 371 1460 Hiis
403 1417 548 1471 itaque
580 1417 642 1460 sic
675 1417 873 1471 exclusis,
913 1416 1170 1460 excludendi
1202 1421 1300 1460 sunt
1333 1416 1419 1467 alii,
1460 1416 1531 1472 qui
1566 1429 1701 1459 cor-75

155 1497 305 1528 uorum
336 1484 491 1540 plumis
523 1486 661 1540 operti
693 1498 795 1528 oues
827 1485 948 1528 albas
979 1487 1021 1527 in
1055 1498 1188 1540 grege
1219 1484 1380 1527 domini
1403 1498 1450 1528 se
1471 1485 1650 1526 iactant.

154 1552 228 1595 Hii
265 1557 362 1595 sunt
394 1553 626 1608 impietatis
666 1552 756 1606 filii,
790 1552 876 1607 qui,
911 1557 956 1595 ut
988 1553 1161 1608 flagitia
1193 1566 1270 1596 sua
1293 1553 1448 1606 exequi
1471 1552 1651 1608 possint,

154 1625 333 1663 matrem
371 1621 644 1677 prostituunt,
691 1622 848 1664 fratres
886 1621 1118 1677 expellunt,
1161 1624 1209 1663 et
1241 1619 1424 1675 denique
1465 1619 1651 1663 iudicem
1666 1638 1700 1664 τε

153 1687 313 1732 habere
343 1689 505 1732 nolunt.
554 1690 666 1735 Nam
699 1703 773 1732 cur
805 1688 861 1732 ad
894 1702 967 1732 eos
997 1691 1108 1732 ratio
1141 1688 1422 1744 quereretur?
1456 1701 1552 1731 cum
1575 1701 1653 1731 sua

155 1755 394 1812 cupiditate
426 1756 589 1800 detenti
620 1757 834 1812 principia
865 1770 948 1799 non
980 1757 1189 1800 uiderent.

276 1823 547 1880 Quapropter
591 1838 687 1867 cum
733 1825 834 1867 solis
875 1827 1137 1869 concertatio
1175 1829 1309 1868 restat
1347 1826 1434 1880 qui,
1476 1825 1652 1880 aliquali
1666 1840 1700 1866 81

157 1890 250 1934 zelo
282 1904 386 1947 erga
418 1891 594 1935 matrem
628 1893 854 1937 ecclesiam
886 1893 1018 1948 ducti,
1051 1894 1188 1950 ipsam
1221 1907 1303 1949 que
1336 1894 1526 1948 queritur
1547 1894 1654 1937 ueri-

157 1961 288 2002 tatem
333 1960 544 2014 ignorant.
608 1961 713 2004 Cum
759 1962 912 2016 quibus
955 1962 1029 2005 illa
1070 1963 1310 2006 reuerentia
1350 1963 1486 2005 fretus
1526 1975 1653 2016 quam

109 2041 112 2043 ’
157 2027 255 2083 pius
275 2027 392 2072 filius
414 2027 543 2072 debet
573 2030 701 2097 patri,
735 2043 863 2084 quam
895 2031 990 2086 pius
1022 2031 1133 2074 filius
1164 2031 1303 2079 matri,
1337 2031 1433 2086 pius
1454 2030 1497 2071 in
1516 2029 1654 2072 Chris·
1669 2046 1703 2071 ει

275 2130 320 2164 61
347 2131 527 2166 uerende
552 2131 706 2174 ABPV,
734 2132 914 2168 verenda
940 2132 1050 2174 FT?,
1077 2133 1229 2168 utende
1252 2133 1295 2167 H
1402 2132 1448 2167 64
1474 2132 1654 2168 traditio·

78 2213 81 2216 Α
157 2178 231 2220 nes
256 2183 378 2220 ΑΒΗ
492 2186 539 2221 70
564 2197 588 2221 a
614 2197 689 2222 om.
704 2187 829 2222 ADM
833 2188 906 2224 TV
1022 2189 1092 2224 sed
1108 2208 1151 2214 —
1166 2189 1455 2225 traditionibus
1481 2190 1613 2225 om.H

157 2238 203 2274 71
228 2239 296 2275 Hii
322 2241 391 2286 qui
418 2241 463 2284 F,
496 2241 547 2276 Hi
574 2243 619 2287 P,
644 2244 781 2289 itaque
808 2244 885 2279 ΚΤ
953 2245 1028 2281 hoc
1054 2255 1129 2280 om.
1145 2245 1374 2281 ABEKPV
1466 2245 1583 2281 ‘ll—2
1610 2250 1655 2281 ut

158 2294 241 2331 dic·
268 2297 398 2332 om.D
495 2298 541 2333 72
567 2299 672 2334 enim
698 2310 773 2335 om.
792 2300 869 2336 GV
958 2301 1004 2336 73
1030 2305 1192 2337 emanat
1218 2302 1328 2337 BFL
1401 2302 1447 2337 74
1474 2306 1514 2338 et
1531 2303 1654 2338 uesti-

157 2351 294 2398 gando
309 2352 382 2388 FP
475 2354 520 2389 75
546 2355 602 2390 sic
629 2366 703 2391 om.
718 2355 866 2391 DFKL
963 2365 1177 2393 ceruorum
1192 2358 1285 2402 ΕΜ
1312 2368 1422 2394 cern·
1436 2359 1486 2402 H,
1516 2368 1606 2394 ceu·
1622 2359 1659 2394 P

158 2406 205 2442 76
231 2409 382 2453 opertis
407 2410 524 2454 BFL,
551 2421 617 2456 ap·
643 2410 835 2447 AEGPV
941 2412 1056 2448 albas
1083 2424 1157 2450 om.
1172 2415 1216 2458 F,
1242 2414 1330 2449 allis
1359 2415 1405 2457 G,
1433 2414 1521 2449 aliis
1555 2415 1591 2450 V

157 2471 201 2497 se
228 2472 303 2498 om.
318 2463 391 2498 FP
481 2466 527 2502 77
555 2472 725 2512 possunt
749 2469 826 2504 AF
918 2469 964 2505 78
990 2475 1138 2505 matres
1165 2470 1214 2514 D,
1242 2471 1428 2506 martires
1457 2469 1491 2505 G
1564 2481 1655 2516 pro-

157 2520 343 2554 sternunt
367 2520 451 2555 MT
553 2522 599 2557 79
625 2523 708 2567 cur]
737 2534 827 2559 cum
854 2524 983 2560 AHM
1084 2526 1131 2561 80
1155 2526 1349 2562 uiderunt
1374 2525 1456 2571 AL,
1483 2529 1542 2563 :rt
1568 2527 1656 2571 BH,

158 2573 255 2609 -rInt
281 2575 329 2618 K,
356 2575 472 2611 vide?
505 2577 539 2610 T
667 2579 711 2613 81
740 2579 821 2624 qui]
849 2591 920 2625 pro
947 2581 995 2625 B,
1034 2583 1103 2627 qui
1131 2593 1201 2627 pro
1228 2583 1263 2617 L
1401 2583 1447 2618 82
1473 2584 1657 2628 queritur

161 2638 237 2665 om.
254 2629 298 2674 L,
314 2632 444 2676 querit
458 2632 494 2666 B
567 2633 614 2668 84
640 2634 818 2670 debet-
831 2635 939 2671 filius
954 2647 1030 2672 om.
1046 2638 1082 2672 P
1152 2638 1261 2673 filius
1276 2637 1397 2674 debet
1412 2640 1530 2674 matri
1546 2639 1620 2674 BL
1628 2640 1661 2674 T

284 2722 424 2758 64-67
452 2723 594 2759 Matth.
615 2726 670 2768 15,
689 2724 801 2760 2-3.
