2002 3302
319 279 368 314 60
742 278 936 316 DANTlS
962 279 1271 316 MONARCHIA
1297 280 1334 315 11
1361 279 1393 316 7.

322 399 508 441 pugnam
543 386 798 430 athletarum
832 388 1087 430 currentium
1121 387 1174 429 ad
1211 388 1416 431 brauium.
1468 389 1633 433 Primus
1665 389 1826 439 horum,

262 468 306 495 54
323 454 542 497 modorum
576 455 690 510 apud
724 456 906 510 gentiles
938 456 1151 510 figuratus
1184 456 1264 498 fuit
1295 457 1338 498 in
1361 456 1435 498 illo
1458 456 1599 500 duello
1619 458 1813 502 Herculis

323 528 365 564 et
403 522 575 577 Anthei,
627 523 745 566 euius
778 523 979 566 Lucanus
1017 524 1206 565 meminit
1244 525 1286 566 in
1325 530 1476 579 quarto
1515 526 1718 578 Farsalie,
1770 530 1812 568 et

323 590 503 634 Ouidius
541 591 583 633 in
618 605 727 634 nono
761 591 815 634 de
847 605 984 634 rerum
1018 593 1385 634 transmutatione.
1449 592 1670 636 Secundus
1703 594 1812 648 figu-

263 673 305 699 257
322 665 438 700 ratur
469 659 582 714 apud
617 659 787 702 eosdem
822 661 861 701 in
891 660 1124 702 Athalanta
1158 667 1200 702 et
1232 661 1452 715 Ypomene
1483 662 1525 703 in
1558 661 1725 705 decimo
1758 662 1812 705 de

320 740 459 769 rerum
493 729 860 770 transmutatione.
924 727 1128 770 Similiter
1161 733 1204 770 et
1236 728 1369 770 latere
1401 740 1485 771 non
1508 729 1649 783 debet,
1683 743 1810 784 quon-

320 795 404 837 iam
443 796 485 837 in
526 796 606 838 hiis
644 796 809 839 duobus
848 796 1098 838 decertandi
1137 796 1364 850 generibus
1396 797 1457 838 ita
1489 810 1534 839 se
1566 797 1697 840 habet
1730 812 1810 851 res,
1869 815 1871 817 ·

269 868 365 905 eout
408 864 450 905 iu
493 864 627 906 altero
667 864 757 906 sine
796 865 950 906 iniuria
989 864 1259 906 decertantes
1298 864 1506 919 impedire
1549 878 1594 908 se
1633 867 1811 920 possint,

319 936 424 986 puta
457 931 703 986 duelliones,
737 932 779 973 in
813 932 946 974 altero
980 945 1078 974 uero
1112 945 1209 975 non.
1274 932 1369 976 Non
1403 933 1514 974 enim
1546 932 1708 975 athlete
1739 934 1812 976 im·

319 1000 564 1055 pedimento
598 1001 639 1042 in
672 1001 919 1043 alterutrum
954 1002 1014 1042 uti
1048 1000 1220 1053 debent,
1271 1001 1466 1053 quamuis
1503 1005 1632 1055 poeta
1666 1007 1810 1044 noster

269 1068 443 1110 esaliter
490 1069 672 1111 sensisse
719 1069 916 1111 uideatur
963 1069 1005 1110 in
1052 1068 1211 1121 quinto,
1262 1081 1356 1109 eum
1406 1068 1509 1110 fecit
1553 1069 1810 1111 remunerari

320 1136 551 1178 Eurialum.
616 1138 795 1192 Propter
840 1136 950 1190 quod
999 1136 1148 1178 melius
1187 1135 1352 1177 Tullius
1393 1136 1434 1177 in
1475 1136 1612 1178 tertiis
1651 1135 1812 1179 officiis

321 1204 401 1246 hoc
433 1204 663 1259 prohibuit,
704 1205 959 1247 sententiam
993 1204 1176 1259 Crisippi
1216 1216 1419 1257 sequens3
1474 1204 1535 1245 ait
1577 1204 1685 1245 enim
1726 1204 1808 1247 sic:

260 1272 449 1314 -sse‘Seite
483 1273 715 1328 Crisippus,
750 1278 795 1314 ut
828 1273 972 1325 multa,
1007 1273 1076 1326 qui
1110 1271 1308 1323 stadium,
1342 1271 1490 1325 inquit,
1525 1272 1668 1325 currit,
1702 1273 1804 1314 eniti

321 1346 362 1382 et
395 1340 652 1383 contendere
685 1340 827 1394 debet,
863 1354 987 1394 quam
1021 1340 1205 1382 maxime
1239 1341 1385 1395 possit,
1420 1344 1465 1381 ut
1498 1340 1659 1394 uincat3
1709 1353 1805 1396 sup·

320 1409 515 1463 plantare
549 1422 643 1451 eum
678 1410 748 1462 qui
783 1413 1012 1461 concertet,
1046 1408 1160 1450 nullo
1193 1407 1319 1450 modo
1353 1407 1503 1450 debet'.

267 1494 303 1520 69
441 1477 534 1520 Hiis
566 1478 710 1530 itaque
743 1478 784 1518 in
819 1477 1006 1531 capitulo
1039 1476 1265 1528 distinctis,
1300 1475 1407 1517 duas
1439 1476 1626 1523 rationes
1658 1476 1808 1519 effica-

319 1558 389 1587 ces
422 1545 477 1587 ad
511 1546 773 1600 propositum
814 1545 1009 1599 accipere
1049 1557 1283 1599 possumus,
1333 1544 1497 1585 scilicet
1534 1557 1559 1584 a
1598 1543 1809 1598 discepta-

317 1613 431 1655 tione
464 1613 720 1655 athletarum
753 1626 892 1666 unam,
927 1617 968 1653 et
1001 1626 1026 1653 a
1049 1611 1362 1666 disceptatione
1396 1610 1587 1666 pugilum
1613 1611 1803 1653 alteram.

258 1700 297 1725 π»
317 1680 433 1731 Quas
450 1680 622 1734 quidem
641 1682 875 1735 prosequar
899 1680 941 1721 in
962 1679 1236 1733 sequentibus
1258 1683 1300 1721 et
1325 1678 1567 1721 inmediatis
1591 1678 1803 1734 capitulis.

434 1799 479 1833 54
506 1809 662 1833 morum
690 1799 728 1832 D
818 1799 1024 1842 figuratus
1051 1797 1158 1842 apud
1186 1796 1359 1841 gentiles
1385 1796 1454 1830 BL
1562 1796 1622 1831 55
1650 1796 1807 1841 quarto]

315 1855 433 1890 111101·
459 1856 498 1889 D
595 1855 640 1889 56
668 1854 788 1899 nono]
817 1853 920 1889 VllI.
949 1855 987 1888 D
1077 1863 1212 1888 rerum
1239 1863 1316 1887 om.
1332 1852 1423 1886 DM
1507 1853 1709 1896 figuratus
1735 1853 1810 1887 fuit

315 1913 402 1946 DM
508 1912 553 1947 57
581 1911 738 1946 eosdem
766 1910 819 1955 in]
849 1922 917 1945 eos
948 1912 982 1945 D
1066 1910 1285 1944 Athalanta
1312 1909 1398 1949 ΒΗ,
1424 1913 1480 1944 -te
1509 1909 1554 1952 G,
1582 1909 1732 1943 atalata
1758 1909 1808 1951 D,

316 1969 440 2003 atlata
468 1969 514 2010 F,
551 1967 742 2002 Athlanta
769 1967 1052 2010 AELMPTV;
1087 1967 1138 2011 cf.
1168 1964 1288 2001 Ovidi
1314 1966 1686 2010 Metamorphoseon
1713 1964 1810 2000 libri

315 2025 397 2060 XV
415 2035 492 2059 ree.
520 2025 638 2070 Huyo
665 2025 853 2069 Magnus,
893 2021 1076 2058 Berolz'm‘
1102 2022 1208 2064 1914,
1244 2032 1286 2066 p.
1306 2022 1462 2056 397-8.
1561 2025 1599 2055 et
1626 2020 1705 2065 Yp—
1732 2030 1807 2055 om.

315 2081 390 2116 lae.
410 2081 478 2115 rel.
495 2080 533 2114 D
619 2080 665 2115 58
691 2090 824 2114 rerum
851 2090 923 2114 om.
939 2079 1032 2114 DM
1099 2077 1454 2112 transformatione
1469 2076 1543 2111 AT
1627 2077 1670 2110 61
1699 2076 1808 2112 duel-

317 2137 422 2172 lione
448 2138 488 2171 D
609 2136 751 2171 61-62
784 2147 866 2171 non
889 2154 930 2160 --
953 2136 1190 2170 alterutrum
1217 2144 1290 2168 om.
1307 2133 1341 2168 G
1462 2133 1506 2167 61
1534 2132 1621 2167 Non
1649 2133 1813 2167 om.LP

313 2194 475 2228 adlethe
502 2193 587 2227 DH
687 2193 732 2227 63
759 2192 921 2227 uidetur
950 2190 1253 2226 ABEFHLTV
1330 2190 1368 2223 in
1399 2193 1573 2233 quatuor
1599 2199 1687 2223 cum
1715 2189 1810 2224 fecit

316 2251 680 2285 remunerationem
709 2250 850 2283 euriali
877 2248 915 2281 D
1039 2247 1085 2282 65
1111 2246 1239 2291 Crispi
1266 2246 1340 2280 AF
1432 2245 1476 2279 66
1503 2244 1608 2281 Scite
1634 2245 1808 2289 ETedd,

317 2307 375 2341 Te
403 2306 481 2349 ΑΡ,
508 2309 546 2340 te
573 2304 967 2348 BDFGHLM(T)V
1059 2304 1184 2338 currit
1211 2313 1274 2337 om
1303 2302 1419 2346 ΑΕΗ
1511 2301 1607 2335 eniti
1634 2301 1684 2345 et]
1713 2301 1807 2336 eniti

317 2364 362 2406 Ε,
391 2363 510 2397 alieni
537 2362 714 2396 currenti
741 2361 791 2404 D,
821 2361 997 2395 currenti
1023 2359 1115 2403 ΕΜ,
1142 2363 1250 2393 tunic
1268 2359 1318 2399 H,
1345 2358 1464 2392 etiam
1481 2358 1518 2390 P
1613 2357 1658 2391 67
1684 2361 1752 2402 pot
1773 2358 1809 2391 B

317 2420 362 2454 68
390 2420 458 2464 qui
485 2422 688 2453 concertet
703 2418 827 2461 BHL,
855 2418 923 2462 qui
950 2427 1039 2451 cum
1069 2415 1293 2457 certetAV,
1322 2415 1483 2459 quicum
1511 2423 1550 2447 c·
1565 2413 1740 2457 ETedd,
1768 2424 1808 2458 q-

317 2480 444 2510 certat
469 2476 523 2519 M,
550 2476 618 2520 qui
647 2477 861 2509 concurrat
878 2474 927 2515 D,
956 2474 1199 2517 quicumque
1227 2481 1317 2505 euni
1340 2470 1385 2512 G,
1413 2473 1540 2505 certat
1558 2470 1604 2512 F,
1633 2474 1757 2505 certet
1775 2470 1813 2504 P

316 2531 364 2566 70
382 2532 433 2566 ad
452 2542 567 2576 prop-
586 2542 651 2566 om
672 2528 871 2565 lac.rel.D
943 2529 994 2563 ad
1014 2521 1344 2572 disceptationem
1361 2526 1432 2561 AG
1507 2527 1549 2561 71
1570 2527 1743 2562 adthele·
1757 2526 1807 2570 D,

317 2588 463 2622 athela·
482 2587 527 2631 G,
546 2587 705 2622 athella-
721 2586 753 2620 A
827 2596 910 2620 una
929 2585 1032 2620 codd
1046 2585 1212 2630 praeter
1230 2584 1262 2618 A
1337 2583 1464 2618 altera
1481 2583 1585 2618 codd
1597 2583 1763 2627 praeter
1775 2581 1808 2616 A

437 2671 482 2706 55
510 2671 654 2705 Phars.
673 2673 706 2713 4,
724 2670 930 2705 609-653.
1020 2668 1065 2702 56
1093 2668 1254 2702 Metam.
1273 2667 1309 2710 9,
1328 2668 1482 2702 183—4.
1572 2665 1617 2699 57
1643 2650 1809 2699 Metamss

318 2728 374 2771 10,
392 2727 599 2762 560—599.
674 2726 791 2761 62-3
817 2725 869 2770 cf.
888 2725 983 2760 Aen.
1002 2727 1037 2768 5,
1056 2726 1215 2760 337—8.
1289 2723 1429 2758 66—68
1455 2720 1533 2758 Cic.
1552 2721 1599 2756 de
1617 2721 1679 2764 off.
1699 2721 1734 2762 3,
1748 2719 1806 2753 42.

1995 913 2002 948 -A-
2000 901 2002 906 .
1990 880 2002 894 ‚¹
1994 856 2002 872 Α
1988 581 2002 847 *ohannau—ms..
1996 568 2002 574 ι
2000 550 2002 561 -
