2002 3302
335 265 380 300 24
753 263 946 300 DANTIS
973 263 1279 300 MONARCHIA
1308 265 1325 299 Ι
1352 266 1406 299 11.

333 387 379 423 a;
422 386 524 427 ergo
556 373 690 415 solum
723 386 747 414 c
779 377 842 414 est
875 373 915 415 b.
979 371 1103 431 Quod
1136 377 1220 415 est:
1268 371 1402 415 Omne
1434 373 1460 415 b
1493 376 1558 415 est
1589 386 1628 424 a,
1659 373 1819 416 nullum
1856 419 1861 422 ,

333 445 475 497 preter
507 454 530 483 c
562 445 627 484 est
659 455 703 494 ὃς
738 454 840 495 ergo
872 440 1030 483 nullum
1063 446 1206 496 preter
1238 454 1261 483 c
1291 445 1355 483 est
1385 441 1424 482 b.
1472 441 1527 482 Et
1558 440 1695 496 prima
1725 455 1818 497 pro-

280 525 314 551 45
332 509 488 566 positio
521 508 811 552 declaratione
843 508 1103 564 precedente
1135 514 1334 564 apparet;
1368 509 1453 551 alia
1484 509 1546 552 sic
1568 503 1818 562 ostenditur,

286 604 289 609 r
333 583 376 620 et
407 579 542 633 primo
576 582 778 631 quantum
812 577 866 619 ad
899 577 1021 630 uelle,
1056 577 1211 619 deinde
1236 581 1437 631 quantum
1470 576 1526 620 ad
1558 590 1696 633 posse.
1748 576 1819 620 Ad

334 645 594 688 euidentiam
632 645 756 701 primi
795 644 1041 698 notandum,
1092 645 1204 699 quod
1247 646 1407 688 iustitie
1439 647 1622 688 maxime
1655 650 1814 689 contra·

279 731 314 756 48
333 714 467 756 riatur
499 713 724 769 cupiditas,
759 717 804 754 ut
836 713 971 754 innuit
1003 713 1250 756 Aristotiles
1282 714 1323 755 in
1358 714 1503 767 quinto
1535 713 1819 769 ad0Nic0ma·

334 796 441 825 cum.
505 782 686 824 Remota
724 781 959 836 cupiditate
999 782 1167 823 omnino
1205 781 1336 824 nichil
1375 782 1534 824 iustitie
1573 787 1706 824 restat
1743 781 1821 836 ad-¹

332 863 519 902 uersum;
565 850 677 892 unde
710 850 922 892 sententia
954 849 1208 905 phylosophi
1242 855 1319 902 est,
1361 854 1408 891 ut
1440 863 1521 904 que
1555 850 1650 904 lege
1683 850 1817 892 deter-

280 937 312 962 51
332 920 483 961 minari
517 923 705 974 possunt,
738 918 853 960 nullo
885 917 1011 960 modo
1034 917 1165 960 iudici
1188 918 1499 971 relinquantur3
1535 922 1577 960 et
1598 917 1680 959 boc
1702 922 1818 960 metu

334 986 581 1042 cupiditatis
627 987 723 1029 fieri
764 991 944 1042 oportet,
994 985 1047 1027 de
1083 986 1202 1027 facili
1242 990 1405 1028 mentes
1438 985 1650 1027 hominum
1683 985 1819 1028 detor—

333 1056 513 1110 quentis.
579 1056 661 1097 Vbi
695 1068 795 1110 ergo
828 1069 911 1096 non
945 1059 1008 1096 est
1041 1053 1155 1107 quod
1188 1054 1322 1108 possit
1355 1053 1509 1108 optari,
1557 1054 1820 1108 impossibile

284 1142 318 1167 54
333 1129 396 1166 est
427 1125 485 1166 ibi
519 1123 797 1178 cupiditatem
832 1135 942 1175 esse3
978 1122 1206 1164 destructis
1233 1122 1342 1163 enim
1376 1121 1569 1174 obiectis,
1601 1121 1821 1175 passiones

333 1206 424 1235 esse
468 1206 550 1234 non
592 1198 780 1247 possunt.
843 1190 926 1233 Sed
975 1190 1205 1232 monarcha
1245 1203 1326 1232 non
1366 1189 1495 1232 habet
1534 1189 1646 1243 quod
1687 1190 1820 1244 possit

333 1267 502 1316 optare;
551 1274 627 1302 sua
665 1273 847 1313 namque
890 1258 1127 1301 iurisdictio
1161 1259 1410 1300 terminatur
1443 1271 1630 1300 occeano
1663 1258 1818 1311 solum,

281 1347 317 1373 ,ετ
334 1329 445 1383 quod
479 1342 562 1370 non
596 1329 805 1382 contingit
838 1327 1099 1382 principibus
1131 1327 1241 1380 aliis,
1275 1339 1449 1381 quorum
1477 1326 1742 1381 principatus
1763 1325 1819 1368 ad

333 1398 439 1439 alios
472 1397 773 1450 terminantur,
807 1402 851 1437 ut
884 1401 987 1451 puta
1020 1390 1133 1449 regis
1151 1395 1336 1437 Castelle
1368 1394 1424 1436 ad
1455 1395 1571 1436 illum
1605 1395 1675 1448 qui
1709 1395 1821 1449 regis

333 1467 592 1520 Aragonum.
657 1465 723 1506 Ex
757 1478 838 1517 quo
871 1465 1062 1517 sequitur
1094 1463 1206 1516 quod
1239 1462 1469 1505 monarcha
1492 1462 1819 1505 sincerissimum

284 1553 319 1578 eo
332 1535 442 1575 inter
474 1533 676 1575 mortales
707 1532 867 1574 iustitie
901 1532 1034 1586 possit
1066 1544 1160 1573 esse
1193 1531 1444 1573 subiectum.

452 1602 655 1644 Preterea
688 1599 1045 1655 quemadmodum
1080 1599 1294 1654 cupiditas
1327 1598 1585 1640 habitualem
1615 1599 1818 1640 iustitiam

334 1669 662 1724 quodammodo,
705 1674 1075 1723 quantumcunque
1109 1680 1261 1722 pauca,
1296 1666 1530 1719 obnubilat,
1569 1667 1629 1708 sic
1663 1667 1821 1709 caritas

285 1752 406 1784 essen
455 1743 572 1780 recta
611 1737 784 1780 dilectio
829 1737 945 1779 illam
991 1737 1105 1778 acuit
1145 1740 1274 1788 atque
1315 1733 1534 1776 dilucidat.
1599 1733 1677 1776 Cui
1717 1746 1819 1787 ergo

333 1807 517 1849 maxime
549 1811 668 1848 recta
701 1806 875 1847 dilectio
899 1807 1055 1847 'inesse
1095 1809 1248 1859 potest,
1297 1802 1563 1858 potissimum
1602 1802 1740 1844 locum
1778 1802 1821 1843 in

333 1875 406 1917 illo
439 1880 581 1930 potest
614 1874 772 1924 habere
804 1873 985 1925 iustitia,
1036 1871 1275 1914 huiusmodi
1315 1875 1380 1913 est
1418 1869 1667 1922 monarcha3
1719 1883 1822 1925 ergo

281 1965 314 1990 ee
334 1957 383 1986 eo
425 1945 635 1986 existente
678 1943 841 1984 iustitia
881 1942 1099 1997 potissima
1132 1945 1209 1993 est,
1255 1939 1323 1980 uel
1356 1952 1448 1981 esse
1482 1942 1635 1993 potest.
1698 1937 1821 1988 Quod

334 2017 475 2055 autem
515 2017 634 2054 recta
667 2011 841 2053 dilectio
882 2011 1016 2052 faciat
1056 2007 1169 2063 quod
1208 2007 1368 2049 dictum
1408 2011 1485 2060 est,
1534 2006 1632 2047 hinc
1672 2005 1821 2048 haberi

264 2133 267 2135 v
333 2084 489 2135 potest.
539 2078 764 2134 Cupiditas
796 2091 990 2131 namque,
1024 2076 1253 2132 perseitate
1285 2076 1499 2117 hominum
1532 2078 1691 2130 spreta,
1724 2086 1822 2128 que-

454 2188 499 2222 43
526 2186 561 2231 a]
591 2189 661 2220 aut
685 2186 719 2220 V
832 2184 879 2218 46
905 2184 953 2218 Et
978 2183 1171 2227 ABLPV,
1210 2193 1285 2217 om.
1307 2181 1346 2215 D
1443 2181 1615 2226 primum
1641 2178 1804 2214 FKPW

334 2246 378 2280 47
398 2243 621 2279 notandum
641 2246 700 2276 est
714 2240 959 2275 AEMPTW
1028 2239 1074 2274 52
1094 2240 1355 2284 decoquentis
1371 2238 1419 2282 D,
1438 2242 1542 2282 torq-
1556 2237 1594 2271 P
1662 2236 1708 2271 53
1727 2245 1816 2281 ope-

334 2303 414 2337 rari
441 2301 514 2335 EL
543 2321 548 2324 -
598 2343 603 2347 -
645 2298 691 2333 55
717 2297 950 2335 monarchia
976 2296 1050 2330 AD
1180 2296 1226 2329 58
1252 2295 1489 2330 terminatur
1514 2292 1711 2328 ADFGV

334 2358 380 2393 62
406 2367 538 2402 pauca
565 2366 638 2390 om.
662 2355 695 2389 V
786 2354 831 2388 63
857 2353 924 2387 illa
938 2353 1012 2387 AT
1083 2351 1180 2387 Cum
1198 2351 1272 2386 GK
1363 2349 1504 2385 63—64
1523 2349 1631 2384 illam
1649 2367 1690 2373 —
1707 2343 1822 2382 dilecss

334 2415 389 2449 tio
409 2412 549 2448 om.M
633 2411 679 2445 65
706 2409 868 2453 habere]
896 2419 984 2444 esse
997 2408 1067 2442 AL
1141 2408 1248 2442 modi
1267 2418 1341 2442 om.
1358 2406 1436 2441 BF
1502 2405 1736 2440 monarchia
1750 2403 1826 2438 ΑΕ

406 2470 451 2504 66
478 2479 524 2503 eo
550 2479 623 2502 om.
638 2467 713 2502 AT
783 2466 979 2501 existente
1003 2475 1050 2500 eo
1066 2465 1138 2499 BL
1259 2464 1303 2498 67
1331 2467 1464 2498 autem
1483 2472 1582 2497 uera
1601 2467 1641 2496 et
1659 2467 1769 2496 recta
1783 2454 1824 2494 D

359 2527 451 2561 hinc
477 2536 550 2561 om.
565 2525 615 2568 D,
642 2525 706 2559 hic
731 2525 815 2559 MV

454 2607 500 2642 48
526 2606 616 2641 Eth.
634 2609 668 2648 5,
687 2605 721 2647 2,
742 2606 838 2640 1130
851 2605 873 2639 b
892 2606 950 2638 31.
1071 2603 1117 2638 50
1142 2601 1263 2636 Arist.
1284 2601 1395 2636 Rhet.
1415 2602 1446 2643 1,
1465 2601 1497 2643 1,
1517 2599 1616 2634 1354
1629 2608 1655 2632 a
1670 2599 1729 2632 31.
1802 2650 1807 2654 .

335 2665 381 2699 56
408 2664 458 2709 cf.
493 2664 605 2708 Verq.
632 2662 726 2697 Aen.
755 2664 786 2705 1,
812 2662 884 2696 287
922 2660 1134 2705 Imperium
1164 2669 1328 2701 oceano,
1359 2659 1505 2691 famam
1537 2655 1605 2699 qui
1637 2652 1824 2688 terminet

336 2723 463 2756 astris.
