2002 3302
14 1841 20 1846 ,
11 1768 32 1817 w*
6 1507 43 1758 mv».
0 1484 1 1494 “

620 292 729 329 DAN
733 289 826 328 TIS*
841 289 1151 328 MONARCHIA
1178 289 1217 326 11
1243 291 1276 326 2.
1653 288 1700 324 39

205 403 365 446 fiducie
388 405 612 458 prenotate
635 401 816 453 innixus,
840 403 883 442 et
904 398 1148 442 testimonio
1172 398 1350 445 rationis
1368 402 1411 440 et
1429 397 1701 441 auctoritatis
1717 412 1753 439 45

204 471 430 528 prefretus,
478 469 534 512 ad
572 468 801 513 secundam
841 468 1102 522 questionem
1145 465 1428 508 dirimendam
1467 465 1700 520 ingredior.

203 539 477 648 POstquam
509 537 791 591 sufficienter,
826 535 1060 579 secundum
1093 534 1207 589 quod
1234 535 1415 577 materia
1437 534 1612 590 patitur,
1647 531 1743 576 dez

301 611 483 654 ueritate
514 609 648 665 prime
685 607 964 651 dubitationis
1001 607 1249 661 inquisitum
1291 611 1370 660 est,
1418 607 1551 649 instat
1589 618 1702 648 nunc

131 690 134 691 ’
204 681 259 726 de
292 683 472 726 ueritate
504 679 691 723 secunde
722 680 954 734 inquirere:
995 678 1078 722 hoc
1111 683 1189 732 est,
1224 682 1361 720 utrum
1395 691 1596 720 romanus
1629 691 1731 733 po-3

203 751 328 807 pulus
360 749 414 792 de
445 749 536 792 iure
567 748 650 792 sibi
683 748 886 791 asciuerit
916 748 1083 803 imperii
1117 747 1386 802 dignitatem.
1451 745 1581 789 Cuius
1614 746 1702 800 qui·

203 818 300 862 dem
331 817 618 872 inquisitionis
651 815 906 872 principium
940 820 1018 869 est,
1051 815 1198 858 uidere
1231 811 1313 870 que
1345 814 1402 858 sit
1429 811 1503 857 illa
1525 815 1700 868 ueritas,

201 886 245 930 in
267 899 394 941 quam
424 886 611 928 rationes
643 885 931 939 inquisitionis
963 885 1187 940 presentis,
1220 883 1336 925 uelut
1368 883 1411 925 in
1443 882 1731 939 principiums

165 957 168 959 ’
201 955 432 1011 proprium,
465 953 737 996 reducantur.

320 1021 550 1065 Sciendum
584 1026 650 1064 est
681 1020 826 1075 igitur,
861 1020 974 1075 quod
1005 1020 1361 1075 quemadmodum
1385 1034 1456 1063 ars
1477 1020 1519 1062 in
1542 1019 1700 1076 triplici

134 1140 136 1142 v
201 1090 340 1146 gradu
371 1091 599 1145 inuenitur,
632 1091 676 1131 in
706 1094 849 1132 mente
881 1090 1047 1132 scilicet
1079 1089 1275 1143 artificis,
1308 1088 1352 1130 in
1375 1102 1550 1143 organo,
1585 1092 1627 1130 et
1658 1088 1732 1130 in9

205 1158 387 1201 materia
418 1158 601 1200 formata
632 1171 709 1213 per
741 1162 890 1212 artem,
923 1159 985 1200 sic
1017 1162 1061 1200 et
1092 1162 1287 1200 naturam
1314 1157 1357 1199 in
1380 1155 1539 1212 triplici
1562 1155 1701 1211 gradu

202 1239 428 1283 possumus
452 1225 627 1281 intueri.
689 1226 767 1268 Est
799 1226 910 1268 enim
942 1230 1094 1268 natura
1128 1226 1170 1267 in
1197 1228 1338 1268 mente
1363 1225 1487 1280 primi
1509 1225 1698 1278 motoris,

202 1296 274 1350 qui
307 1294 412 1337 deus
445 1298 522 1347 est,
572 1293 730 1336 deinde
760 1295 803 1336 in
837 1294 944 1348 celo,
992 1299 1194 1348 tanquam
1228 1294 1271 1335 in
1304 1307 1466 1348 organo
1500 1306 1582 1347 quo
1615 1306 1699 1335 me·
1715 1308 1749 1334 ιε

202 1362 349 1405 diante
395 1361 628 1421 similitudo
674 1362 878 1405 bonitatis
923 1366 1069 1405 eterne
1110 1363 1154 1404 in
1194 1362 1439 1404 fluitantem
1478 1362 1700 1403 materiam

202 1431 454 1487 explicatur.
518 1421 574 1471 Et
623 1430 982 1484 quemadmodum
1023 1430 1219 1486 perfecto
1261 1430 1472 1473 existente
1517 1429 1700 1483 artifice,

158 1535 160 1538 ,
203 1502 332 1553 atque
366 1497 526 1553 optime
559 1508 720 1552 organo
753 1511 799 1540 se
832 1499 1030 1547 habente,
1075 1499 1111 1541 si
1145 1500 1367 1553 contingat
1399 1503 1624 1554 peccatum
1658 1498 1700 1540 in
1715 1513 1749 1539 15

201 1566 340 1609 forma
372 1567 491 1620 artis,
523 1567 701 1608 materie
734 1570 898 1608 tantum
932 1566 1229 1622 imputandum
1253 1570 1329 1615 est,
1365 1567 1440 1620 sic,
1475 1580 1570 1609 cum
1594 1566 1699 1609 deus

198 1634 389 1678 ultimum
422 1636 700 1690 perfectionis
733 1635 934 1690 attingat,
985 1639 1026 1677 et
1064 1636 1390 1678 instrumentum
1430 1636 1535 1690 eius,
1584 1633 1699 1689 quod

199 1703 336 1745 celum
368 1707 446 1756 est,
478 1702 638 1744 nullum
672 1702 818 1746 debite
852 1703 1130 1758 perfectionis
1162 1704 1353 1759 patiatur
1385 1702 1619 1755 defectum,
1653 1706 1699 1745 ut
1717 1719 1748 1745 18

199 1784 254 1813 ex
285 1770 368 1813 hiis
399 1775 520 1826 patet
543 1783 623 1824 que
657 1770 711 1812 de
747 1771 839 1813 celo
873 1771 1253 1827 phylosophamur,
1287 1776 1420 1814 restat
1444 1771 1557 1826 quod
1583 1772 1691 1826 quic·

201 1836 303 1892 quid
342 1837 386 1879 in
426 1838 552 1880 rebus
590 1838 863 1882 inferioribus
895 1844 960 1883 est
992 1844 1231 1895 peecatum,
1275 1852 1328 1882 ex
1363 1845 1486 1896 parte
1519 1840 1698 1882 materie

199 1905 459 1948 subiacentis
499 1910 723 1961 peccatum
770 1908 839 1957 sit,
887 1913 930 1950 et
970 1912 1115 1964 preter
1152 1909 1431 1952 intentionem
1471 1908 1541 1951 dei
1580 1913 1698 1951 natu·
1713 1925 1747 1951 21

197 1973 332 2016 rantis
369 1978 413 2016 et
451 1974 553 2027 celi3
603 1980 645 2017 et
684 1975 797 2029 quod
837 1976 1040 2030 quicquid
1083 1981 1147 2019 est
1184 1977 1227 2019 in
1267 1978 1394 2020 rebus
1428 1977 1700 2019 inferioribus

199 2041 367 2095 bonum,
402 2055 496 2084 cum
529 2043 583 2085 ab
616 2043 711 2098 ipsa
742 2044 925 2086 materia
955 2058 1049 2087 esse
1080 2059 1164 2087 non
1197 2046 1346 2100 possit,
1380 2045 1472 2088 sola
1506 2045 1698 2100 potentia

198 2110 422 2164 existente,
469 2123 546 2166 per
585 2112 701 2166 prius
740 2112 794 2154 ab
840 2113 1010 2155 artifice
1056 2111 1138 2155 deo
1176 2113 1244 2167 sit,
1295 2118 1337 2155 et
1379 2112 1633 2156 secundario
1673 2126 1748 2155 a24

198 2176 304 2230 celo,
349 2177 461 2230 quod
495 2191 699 2233 organum
732 2183 797 2222 est
828 2181 932 2222 artis
965 2180 1124 2235 diuiue,
1170 2194 1295 2235 quam
1328 2186 1523 2224 naturam
1559 2193 1698 2223 comu-

197 2245 309 2286 niter
339 2245 573 2300 appellant.

315 2345 361 2380 46
388 2347 566 2391 perfecte
580 2346 627 2392 A,
649 2351 728 2383 -tus
743 2349 800 2394 M,
827 2350 1033 2395 profectus
1049 2350 1099 2395 D,
1127 2361 1211 2396 pre·
1230 2351 1276 2395 G,
1303 2352 1445 2386 -fertur
1459 2351 1504 2394 L,
1533 2352 1653 2386 -fetus
1671 2351 1704 2385 V

315 2401 338 2436 2
364 2402 387 2436 3
414 2404 588 2447 populus
615 2414 806 2440 romanus
832 2405 909 2440 AT
1026 2406 1047 2441 4
1074 2408 1295 2443 asseruerit
1322 2408 1368 2450 R,
1405 2408 1619 2442 assumerit
1646 2407 1696 2450 D,

197 2457 427 2501 ascripserit
442 2458 476 2493 G
573 2461 595 2494 5
623 2462 842 2506 questionis
857 2462 934 2497 ΑΚ
1005 2473 1086 2508 qua
1101 2463 1366 2499 ADEFPTV
1458 2464 1480 2498 6
1507 2465 1610 2499 ratio
1626 2463 1701 2497 AT

199 2513 395 2555 presentis
421 2523 496 2548 om.
511 2514 595 2549 GM
745 2517 766 2551 7
793 2517 1013 2553 reducatur
1039 2518 1149 2554 ABD
1297 2519 1341 2554 12
1369 2523 1428 2555 est
1455 2520 1555 2555 deus
1580 2521 1700 2556 ΔΗΤ

198 2566 242 2601 14
270 2567 462 2612 perfectio
480 2569 551 2604 GL
651 2571 694 2620 15
715 2573 864 2616 optimo
880 2573 1082 2608 BFGLM
1174 2575 1218 2609 16
1245 2578 1378 2610 tamen
1395 2575 1468 2610 ΑΡ
1564 2577 1609 2611 18
1636 2580 1696 2611 est

200 2623 327 2658 celum
343 2623 458 2659 DEG
533 2626 684 2670 patitur
699 2626 774 2661 AT
844 2628 987 2663 19-20
1016 2629 1359 2675 phylosophamur
1376 2651 1413 2656 —
1435 2636 1549 2676 parte
1567 2642 1641 2667 om.
1657 2632 1701 2667 H
1747 2663 1749 2665 .

197 2678 242 2714 19
267 2678 406 2715 Restat
419 2681 540 2716 BDV
614 2681 661 2716 20
686 2682 740 2727 in]
769 2683 819 2718 de
834 2684 949 2718 BLT
1027 2685 1074 2720 23
1100 2686 1184 2720 sola
1211 2696 1287 2722 om.
1304 2687 1378 2721 AT
1445 2688 1492 2722 24
1518 2687 1702 2723 sicATV

195 2733 242 2769 25
268 2736 363 2770 artis
394 2736 532 2772 diuine
559 2738 631 2773 Iac.
661 2739 728 2773 rel.
760 2739 888 2774 om.D
