2002 3302
395 219 441 253 32
807 218 1002 255 DANTIS
1030 219 1339 256 MONARCHIA
1368 221 1387 256 Ι
1413 222 1469 258 14.

397 326 619 379 directiuo‚
653 331 698 369 ut
731 332 850 383 patet
883 341 960 382 per
992 327 1304 383 phylosophum
1343 329 1386 370 in
1419 329 1566 382 quinto
1598 328 1654 372 ad
1685 330 1881 374 Nicoma-

398 408 492 437 cum
532 395 760 451 epyekiam
801 396 1181 439 commendantem.
1245 397 1416 439 Habent
1455 410 1637 451 namque
1676 398 1882 452 nationes,

334 475 381 501 :2⁷
397 477 532 518 regna
564 469 606 506 et
639 464 838 507 ciuitates
869 464 980 506 inter
1012 478 1057 506 se
1089 465 1387 520 proprietates,
1421 477 1528 518 quas
1559 465 1725 520 legibus
1757 455 1883 508 diffe-

396 532 585 575 rentibus
630 533 813 587 regulari
859 536 1040 587 oportet.
1103 532 1180 575 Est
1224 533 1336 574 enim
1375 532 1445 574 lex
1486 533 1634 588 regula
1672 525 1883 576 directiua

395 601 494 642 uite.
560 600 698 643 Aliter
731 601 888 655 quippe
921 601 1106 654 regular-i
1140 605 1310 655 oportet
1333 600 1503 643 Scithas
1536 601 1606 655 qui
1638 606 1760 644 extra
1790 615 1883 658 sep-

347 680 382 705 30
397 669 543 710 timum
575 669 702 711 clima
721 670 928 721 uiuentes,
953 674 995 710 et
1018 682 1216 723 magnam
1246 668 1408 710 dierum
1433 673 1475 711 et
1503 670 1690 711 noctium
1710 669 1883 724 inequa-

395 737 559 779 litatem
593 738 819 792 patientes,
853 736 1126 779 intollerabili
1159 738 1279 790 quasi
1310 726 1456 792 algore
1490 737 1659 792 frigoris
1690 750 1883 792 premun-

396 810 475 859 tur,
527 810 569 847 et
608 806 733 847 aliter
765 806 1047 848 Garamantes
1089 805 1158 858 qui
1198 806 1276 848 sub
1319 805 1591 859 equinoctiali
1627 805 1882 859 habitantes,

347 884 380 910 3³
396 878 438 915 et
472 877 722 926 coequatam
756 886 923 929 semper
954 873 1089 915 lucem
1124 873 1318 915 diurnam
1351 874 1487 915 noctis
1519 873 1706 916 tenebris
1728 873 1883 916 haben·

395 946 473 994 tes,
520 942 574 983 ob
608 947 724 983 estus
756 943 866 984 aeris
897 943 1158 984 nimietatem
1191 942 1455 983 uestimentis
1486 941 1641 996 operiri
1673 954 1756 982 non
1788 955 1880 996 pos-

395 1014 504 1051 sunt.
568 1009 655 1052 Sed
687 1011 749 1052 sic
781 1009 1106 1064 intelligendum
1139 1015 1217 1061 est,
1251 1015 1296 1050 ut
1329 1009 1557 1050 humanum
1579 1021 1713 1062 genus
1733 1021 1880 1051 secun-

343 1090 381 1115 36
396 1077 494 1119 dum
534 1092 611 1120 sua
649 1079 844 1120 comunia
885 1091 966 1131 que
1005 1078 1198 1120 omnibus
1237 1082 1495 1131 competunt,
1541 1077 1596 1118 ab
1628 1089 1678 1118 eo
1710 1081 1882 1129 regatur

395 1152 438 1188 et
484 1148 650 1188 comuni
697 1147 846 1200 regula
891 1147 1150 1200 gubernetur
1193 1145 1247 1187 ad
1294 1157 1458 1200 pacem.
1530 1142 1665 1194 Quam
1710 1142 1882 1202 quidem

395 1208 585 1269 regulam
631 1215 722 1257 siue
760 1216 894 1270 legem
938 1214 1219 1269 particulares
1257 1213 1472 1268 principes
1509 1212 1564 1254 ab
1604 1224 1654 1253 eo
1691 1212 1882 1266 recipere

335 1294 377 1320 39
396 1282 567 1337 debent,
615 1289 817 1336 tanquam
855 1283 1095 1325 intellectus
1127 1283 1317 1338 praticus
1349 1281 1402 1323 ad
1437 1280 1749 1324 conclusionem
1781 1293 1877 1335 ope-

394 1353 576 1393 ratiuam
610 1352 764 1407 recipit
796 1352 998 1393 maiorem
1031 1350 1364 1406 propositionem
1397 1349 1451 1392 ab
1483 1348 1703 1391 intellectu
1733 1348 1880 1402 specu-

513 1457 559 1492 26
585 1459 799 1503 epyekiam
825 1458 909 1501 BL,
942 1469 1017 1493 om.
1032 1457 1128 1500 DM,
1157 1458 1364 1502 Epilyema
1382 1456 1427 1498 A,
1465 1456 1735 1501 Epedroniam
1763 1454 1811 1498 E,
1843 1457 1882 1489 et
1935 1448 1937 1451 ⁴

395 1514 602 1559 prohemia
618 1515 663 1557 F,
690 1514 880 1559 epyrchie
909 1513 954 1557 G,
982 1513 1256 1558 epicheniaH,
1283 1517 1322 1547 et
1338 1513 1485 1554 pkema
1503 1516 1542 1545 ct
1556 1511 1601 1553 P,
1628 1510 1880 1555 epycikeiatn

399 1571 441 1614 T,
467 1571 666 1616 epicikeia
692 1570 735 1613 V,
762 1570 960 1605 ἐπιείκειαν
986 1570 1065 1605 edd
1139 1569 1523 1605 commendationem
1549 1566 1661 1602 AGP
1739 1564 1880 1600 28—29
1948 1575 1959 1585 ·

393 1627 463 1661 Est
479 1645 519 1650 ——
537 1630 695 1672 oportet
713 1627 838 1661 om.H
906 1626 952 1661 29
976 1630 1132 1671 oportet
1157 1625 1335 1671 regulari
1354 1624 1444 1659 DM
1527 1622 1664 1667 sythas
1680 1622 1727 1664 B,
1752 1620 1880 1656 scithi-

396 1693 464 1718 cas
490 1684 540 1728 D,
579 1687 710 1718 sectas
740 1683 774 1718 G
895 1682 942 1717 32
968 1682 1210 1727 equinociali
1235 1681 1359 1717 DGV
1473 1679 1520 1714 33
1545 1678 1732 1714 tenebras
1757 1675 1831 1712 EG

393 1740 440 1774 34
466 1740 517 1774 ab
543 1739 615 1774 AG
730 1743 818 1774 estu
843 1738 887 1782 A,
921 1742 1009 1773 estu
1034 1740 1082 1783 E,
1114 1742 1173 1773 est
1198 1739 1244 1781 L,
1280 1740 1398 1772 extus
1422 1737 1467 1780 P,
1499 1735 1618 1770 estiui
1653 1734 1694 1778 T,
1731 1734 1826 1768 estis
1849 1733 1885 1768 V

394 1796 535 1831 35-—37
562 1801 606 1831 ut
634 1797 835 1831 communi
859 1795 1002 1840 regula
1028 1795 1247 1829 humanum
1274 1802 1404 1838 genus
1427 1791 1677 1837 gubernetur
1694 1788 1734 1823 D
1811 1788 1881 1822 hu·

394 1863 557 1888 manum
574 1873 615 1877 —
632 1858 671 1888 et
689 1863 764 1888 om.
779 1853 831 1887 M
920 1852 965 1887 37
985 1862 1105 1896 quam
1119 1850 1269 1885 BFLP
1369 1848 1416 1884 38
1433 1848 1545 1894 leges
1558 1846 1637 1882 FV
1726 1844 1773 1880 39
1791 1853 1882 1890 ope·
1930 1881 1932 1883 .
1983 1858 1986 1859 ⁷

393 1915 523 1945 ratam
549 1910 673 1951 EHP,
698 1911 846 1944 -turam
872 1909 908 1942 L

513 1994 559 2028 26
584 1993 758 2029 ἐπιείκεια
789 1992 1011 2027 secundum
1037 1989 1289 2026 Aristotelem
1320 1989 1379 2023 est
1404 1985 1643 2022 directivum
1668 1983 1769 2030 leqis
1792 1982 1880 2018 uni-

392 2049 567 2087 versalis
584 2049 629 2084 in
646 2047 970 2096 particularibus
987 2045 1207 2094 deficientis
1218 2057 1234 2090 ;
1259 2045 1309 2091 cf.
1324 2045 1414 2079 Eth.
1433 2043 1490 2079 ad
1502 2041 1662 2087 Nicom.
1675 2043 1772 2082 5,.1-1
1789 2039 1880 2083 (10),

395 2110 491 2144 1137
505 2108 527 2143 b
545 2100 593 2142 26
618 2106 851 2151 (interprete
878 2103 1077 2141 Guilelmo
1103 2104 1151 2139 de
1176 2101 1398 2144 Moerbeca)
1430 2099 1499 2135 Est
1523 2099 1597 2134 hec
1629 2102 1776 2132 natura
1801 2104 1880 2141 que

394 2165 600 2210 epyeikes,
620 2163 786 2198 directio
811 2162 923 2207 legis,
951 2161 1021 2196 ubi
1040 2160 1176 2195 deficit
1194 2161 1358 2204 propter
1375 2156 1631 2202 particulare.
1673 2153 1759 2188 Hec
1776 2152 1882 2187 enim

395 2230 521 2255 causa
553 2224 592 2254 et
624 2221 710 2254 eius
743 2218 852 2264 quod
886 2229 965 2253 non
996 2218 1130 2253 omnia
1155 2215 1379 2251 secundum
1404 2213 1536 2258 legem
1562 2215 1657 2255 esse,
1691 2208 1883 2255 quoniam

395 2276 447 2315 de
473 2276 715 2321 quibusdam
741 2275 984 2320 impossibile
1010 2282 1162 2319 ponere
1182 2272 1326 2316 legem,
1353 2279 1479 2315 quare
1497 2266 1697 2303 sententia
1713 2264 1880 2308 indiget.

395 2333 702 2368 Indetcrminati
734 2332 839 2367 enim
873 2334 912 2366 et
938 2329 1247 2364 indeterminata
1272 2326 1416 2371 regula
1442 2327 1512 2367 est,
1538 2321 1881 2364 commentumque

401 2390 574 2425 Thomae
599 2386 821 2434 Aquinatis
847 2386 951 2429 (Eth.
970 2388 992 2420 5
1017 2385 1100 2420 lect.
1120 2385 1180 2428 16)
1206 2383 1292 2418 Hec
1318 2385 1377 2417 est
1402 2384 1549 2416 natura
1574 2378 1664 2413 eius'
1687 2375 1795 2422 quod
1821 2378 1881 2410 est

396 2446 602 2492 epyestzes,
627 2448 673 2479 ut-
699 2444 749 2479 sit
776 2443 1014 2478 directivum
1039 2441 1152 2486 legis,
1178 2440 1249 2475 ubi
1274 2439 1340 2474 lex
1365 2437 1503 2472 deficit
1524 2437 1689 2481 propter
1706 2432 1881 2477 aliquem

396 2501 682 2548 particularem
710 2510 858 2535 casum.
909 2498 1012 2540 Quia
1032 2499 1137 2534 enim
1155 2497 1220 2531 lex
1240 2495 1376 2531 deficit
1393 2495 1433 2528 in
1454 2489 1779 2538 particularibus,
1804 2488 1882 2522 ista

364 2595 366 2597 ,
385 2562 456 2594 est
481 2568 615 2602 causa,
641 2557 751 2602 quod
776 2567 858 2591 non
885 2555 1018 2591 omnia
1036 2557 1204 2600 possunt
1222 2550 1480 2587 determinari
1498 2546 1720 2584 secundum
1736 2545 1880 2590 legem,

386 2615 494 2660 quia
518 2614 568 2650 de
587 2613 829 2660 quibusdam
847 2622 953 2658 quae
978 2621 1071 2646 raro
1097 2609 1297 2652 accidunt,
1323 2605 1569 2653 impossibile
1594 2605 1654 2639 est
1679 2601 1788 2648 quod
1813 2600 1880 2663 lex

390 2675 584 2718 ponatur,
611 2680 659 2706 eo
687 2669 794 2715 quod
820 2679 900 2704 non
928 2670 1097 2714 possunt
1123 2666 1257 2702 omnia
1282 2665 1379 2700 talia
1403 2663 1455 2698 ab
1480 2661 1639 2697 homine
1664 2653 1879 2704 prouiden.
