2002 3302
593 251 788 312 DAN'rls
815 274 1123 311 MoNARofflA
1150 275 1165 309 1
1195 275 1249 309 12.
1625 272 1672 308 27

179 387 373 441 sequitur
403 387 494 428 siue
525 385 651 439 fugit.
714 383 761 426 Si
793 397 897 438 ergo
929 382 1134 426 iudicium
1155 387 1327 427 moueat
1349 383 1518 425 omnino
1541 395 1672 437 appe-

180 455 318 508 titum,
351 459 394 497 et
414 454 528 496 nullo
551 452 676 495 modo
699 452 972 508 preueniatur
994 451 1048 494 ab
1072 465 1137 506 eo,
1166 451 1346 493 liberum
1369 455 1448 494 est.
1501 449 1548 493 Si
1571 463 1673 492 uero
1689 464 1724 489 15

182 523 239 566 ab
270 523 463 579 appetitu
501 534 752 577 quocunque
793 519 920 563 modo
961 520 1237 576 preueniente
1269 518 1474 562 iudicium
1506 531 1674 563 mouea-

184 596 266 646 tur,
312 591 490 634 liberum
532 603 624 633 esse
662 603 747 632 non
784 593 940 644 potest,
987 589 1087 643 quia
1118 602 1202 630 non
1235 602 1261 630 a
1293 601 1352 638 se,
1392 587 1468 630 sed
1503 587 1556 630 ab
1589 587 1674 629 alio

184 660 400 716 captiuum
439 659 633 702 trahitur.
698 659 893 710 Ethine
925 663 989 700 est
1028 656 1141 710 quod
1174 657 1301 698 bruta
1338 655 1542 699 iudicium
1574 655 1673 698 libe·
1693 670 1726 695 18

183 741 273 770 rum
307 728 466 770 habere
497 741 581 770 non
614 732 801 783 possunt,
843 727 942 781 quia
975 739 1119 769 eorum
1151 725 1315 767 iudicia
1345 738 1514 780 semper
1545 737 1675 780 appe-

182 797 264 839 titu
295 796 611 852 preueniuntur.
675 796 731 838 Et
763 795 861 837 hinc
894 795 1023 836 etiam
1057 797 1204 849 patere
1225 798 1392 848 potest,
1426 791 1542 847 quod
1573 792 1675 835 sub-

183 863 342 907 stantie
383 863 707 916 intellectuales,
757 876 933 916 quarum
973 866 1070 905 sunt
1110 862 1383 905 inmutabiles
1418 862 1675 915 uoluntates,
1694 876 1727 901 21

181 945 262 974 nec
292 945 376 974 non
399 932 538 973 anime
570 938 768 987 separate
793 932 899 973 bene
923 931 1022 973 hinc
1051 931 1269 980 abeuntes,
1304 931 1544 973 libertatem
1570 930 1677 972 arbi·

183 1000 255 1042 trii
287 1001 340 1042 ob
373 1000 747 1042 inmutabilitatem
780 1000 1013 1042 uoluntatis
1045 1013 1129 1041 non
1162 1000 1376 1054 amittunt,
1409 998 1486 1041 sed
1514 999 1677 1054 perfee-

183 1069 344 1112 tissime
397 1073 525 1122 atque
574 1069 794 1123 potissime
842 1068 922 1110 hoc
970 1068 1169 1110 retinent.
1247 1068 1338 1110 Hoc
1386 1068 1477 1110 uiso
1524 1069 1676 1110 iterum
1694 1082 1728 1108 24

185 1136 456 1179 manifestum
490 1150 582 1179 esse
614 1141 767 1192 potest,
810 1136 922 1190 quod
956 1136 1036 1178 hec
1068 1137 1256 1190 libertas,
1299 1137 1389 1179 siue
1421 1136 1678 1192 principium

185 1204 267 1247 hoc
305 1206 435 1247 totius
478 1205 688 1247 libertatis
728 1212 885 1258 nostre,
934 1210 998 1247 est
1038 1206 1269 1247 maximum
1302 1205 1457 1248 donum
1494 1204 1677 1247 humane

185 1277 336 1315 nature
369 1286 395 1314 a
427 1272 507 1314 deo
541 1273 753 1326 collatum,
787 1273 898 1316 sicut
930 1274 971 1322 in
1003 1274 1205 1329 paradiso
1229 1274 1422 1317 comedie
1454 1274 1539 1316 iam
1563 1273 1676 1327 dixi3
1696 1289 1729 1314 ετ

183 1342 286 1395 quia
317 1354 394 1396 per
425 1342 559 1396 ipsum
595 1341 665 1384 hic
698 1342 954 1384 felicitamur
985 1347 1033 1384 ut
1063 1342 1267 1397 homines,
1303 1356 1377 1398 per
1405 1343 1543 1398 ipsum
1576 1342 1678 1384 alibi

187 1409 448 1452 felicitamur
480 1415 526 1452 ut
559 1410 630 1452 dii.
696 1410 818 1460 Quod
852 1411 887 1453 si
920 1411 982 1453 ita
1014 1416 1092 1459 est,
1126 1413 1220 1465 quis
1254 1413 1333 1453 erit
1356 1412 1427 1465 qui
1450 1411 1678 1453 humanum

185 1490 320 1532 genus
353 1478 511 1532 optime
543 1491 589 1520 se
621 1478 778 1521 habere
810 1493 893 1521 non
927 1479 1056 1533 dicat,
1091 1494 1184 1522 cum
1219 1481 1438 1535 potissime
1466 1479 1547 1522 hoc
1569 1480 1677 1535 prin·
1696 1494 1730 1519 30

185 1545 299 1600 cipio
331 1546 467 1600 possit
498 1546 590 1588 uti?
651 1546 737 1589 Sed
771 1547 958 1590 existens
990 1548 1067 1590 sub
1101 1549 1331 1591 monarcha
1363 1552 1428 1590 est
1460 1549 1679 1604 potissime

139 1613 147 1618 ”
185 1613 378 1657 liberum.
441 1615 622 1671 Propter
662 1616 775 1670 quod
814 1616 1046 1666 sciendum,
1097 1616 1210 1671 quod
1250 1616 1357 1658 illud
1400 1621 1463 1659 est
1501 1617 1678 1659 liberum

187 1682 301 1737 quod
333 1685 486 1726 suimet
518 1690 560 1726 et
592 1698 674 1726 non
707 1685 880 1727 alterius
912 1686 1053 1739 gratia
1086 1691 1162 1733 est,
1203 1690 1249 1727 ut
1281 1685 1549 1741 phylosopho
1582 1686 1679 1741 pla-
1695 1701 1728 1726 33

159 1755 256 1805 >cet
286 1752 330 1792 in
362 1752 444 1794 hiis
477 1765 558 1805 que
592 1752 645 1794 de
676 1753 925 1808 simpliciter
957 1758 1068 1796 ente.
1113 1754 1223 1797 Nam
1256 1754 1301 1795 id
1334 1753 1447 1808 quod
1481 1759 1546 1797 est
1578 1754 1680 1796 alte-

189 1819 276 1862 rius
307 1820 461 1874 gratia,
508 1822 789 1863 necessitatur
821 1822 876 1863 ab
916 1822 988 1864 illo
1023 1822 1142 1865 cuius
1173 1823 1315 1878 gratia
1348 1827 1427 1877 est,
1466 1823 1577 1865 sicut
1609 1823 1681 1864 uia

189 1888 469 1930 necessitatur
507 1902 533 1930 a
573 1890 762 1931 termino.
829 1890 972 1932 Genus
1012 1890 1240 1933 humanum
1273 1892 1408 1934 solum
1442 1892 1680 1946 imperante
1700 1906 1734 1931 36

307 2003 353 2038 14
378 2004 430 2038 ad
457 2007 681 2050 appetitum
707 2006 777 2041 BL
900 2007 1039 2042 15—16
1069 2009 1239 2043 liberum
1257 2027 1298 2032 —
1315 2013 1528 2043 moueatur
1556 2020 1630 2044 om.
1647 2009 1682 2044 G

123 2071 129 2073 ·
188 2060 234 2095 19
259 2061 410 2097 habere
436 2073 516 2097 non
545 2068 713 2108 possunt
739 2064 909 2099 liberum
924 2064 969 2107 F,
996 2066 1201 2109 proprium
1230 2065 1380 2099 habere
1406 2075 1486 2099 non
1515 2070 1682 2109 possunt

187 2116 359 2152 liberum
373 2118 447 2153 AT
543 2120 693 2165 eorum]
722 2131 770 2155 ea
785 2120 861 2155 AT
954 2120 1126 2166 semper]
1154 2131 1311 2166 semper
1337 2122 1388 2156 ab
1404 2121 1484 2165 AT,
1511 2132 1583 2166 per
1601 2122 1634 2157 G

190 2172 234 2208 21
263 2184 434 2218 quorum
455 2176 504 2218 D,
532 2186 610 2220 que
635 2176 710 2210 AF
779 2177 1094 2211 innumerabiles
1109 2177 1186 2212 DG
1260 2178 1492 2212 uoluntates
1520 2179 1686 2213 om.FP

212 2229 260 2264 22
285 2230 480 2266 habentes
507 2231 616 2266 AFP
757 2233 803 2267 23
829 2233 1116 2267 immutabilem
1142 2233 1227 2268 MP
1348 2235 1444 2268 ami·
1471 2234 1520 2277 D,
1560 2235 1681 2269 admi-

188 2285 284 2330 GM,
310 2291 418 2322 -ntur
443 2287 476 2322 Α
605 2288 651 2323 24
678 2299 724 2323 ae
752 2288 835 2332 FG,
863 2294 901 2324 et
929 2290 965 2323 P
1083 2289 1128 2324 25
1154 2290 1228 2324 hec
1254 2301 1328 2325 om.
1344 2290 1414 2325 BL
1535 2291 1581 2325 26
1608 2292 1682 2326 hoc

191 2351 267 2377 om.
282 2343 356 2378 FP
468 2349 604 2380 nostre
632 2346 827 2380 libertatis
854 2346 1006 2380 BKLT
1123 2346 1167 2381 27
1195 2348 1297 2382 sicut
1314 2367 1353 2372 —
1371 2348 1455 2382 dixi
1483 2358 1557 2383 om.
1574 2349 1615 2382 K

190 2399 232 2432 in
260 2400 449 2444 paradiso
477 2402 548 2436 lac.
574 2403 643 2437 rel.
670 2413 745 2437 om.
768 2403 804 2436 P
911 2403 1097 2447 paradiso
1115 2423 1155 2428 —
1175 2403 1260 2438 dixi
1286 2404 1356 2438 lac.
1384 2404 1454 2438 rel.
1481 2414 1556 2439 om.
1576 2405 1616 2438 F

191 2453 239 2488 29
263 2458 309 2490 ut
336 2455 390 2490 dii
417 2467 491 2492 om.
508 2458 582 2492 FP
691 2459 738 2493 30
764 2460 1004 2504 principium
1034 2459 1115 2494 GM
1227 2460 1269 2494 31
1299 2460 1532 2494 monarchia
1559 2460 1636 2494 BD

191 2510 239 2545 32
264 2512 469 2547 sciendum
498 2518 557 2549 est
582 2514 739 2549 ΑΕΜΡ
856 2516 997 2551 33—35
1025 2522 1141 2550 est-—
1158 2517 1423 2550 necessitatur
1449 2526 1523 2551 om.
1554 2516 1586 2550 G

191 2566 238 2601 34
265 2568 432 2613 simplici
460 2569 566 2604 ABL
652 2570 750 2605 illud
777 2571 925 2606 ABLT

309 2667 354 2702 27
380 2669 475 2703 Par.
495 2669 529 2711 5,
549 2670 605 2703 19.
691 2668 808 2702 33-4
826 2667 949 2703 Arist.
966 2669 1137 2713 Metaph.
1154 2671 1185 2713 1,
1199 2670 1232 2712 2,
1248 2670 1355 2704 982b
1368 2670 1416 2704 25
1445 2670 1542 2704 liber
1562 2670 1678 2704 honio

189 2725 338 2759 suimet
365 2728 404 2758 et
430 2735 509 2759 non
538 2725 701 2759 alterius
729 2735 850 2759 causa
878 2734 946 2759 est.
