<?xml version="1.0" encoding="UTF-8"?>
<!DOCTYPE html PUBLIC "-//W3C//DTD XHTML 1.0 Transitional//EN"
    "http://www.w3.org/TR/xhtml1/DTD/xhtml1-transitional.dtd">
<html xmlns="http://www.w3.org/1999/xhtml" xml:lang="en" lang="en">
 <head>
  <title>
</title>
<meta http-equiv="Content-Type" content="text/html;charset=utf-8" />
  <meta name='ocr-system' content='tesseract 3.04.00' />
  <meta name='ocr-capabilities' content='ocr_page ocr_carea ocr_par ocr_line ocrx_word'/>
</head>
<body>
  <div class='ocr_page' id='page_1' title='image "./demonarchialibri00dantuoft_0068.png"; bbox 0 0 2002 3302; ppageno 0'>
   <div class='ocr_carea' id='block_1_1' title="bbox 344 225 1458 272">
    <p class='ocr_par' dir='ltr' id='par_1_1' title="bbox 344 225 1458 272">
     <span class='ocr_line' id='line_1_1' title="bbox 344 225 1458 272; baseline 0.002 -2"><span class='ocrx_word' id='word_1_1' title='bbox 344 236 391 270; x_wconf 73' lang='lat'><strong>64</strong></span> <span class='ocrx_word' id='word_1_2' title='bbox 667 225 669 232; x_wconf 92' lang='lat'>&#39;</span> <span class='ocrx_word' id='word_1_3' title='bbox 732 233 926 271; x_wconf 81' lang='lat' dir='ltr'>DANTIS</span> <span class='ocrx_word' id='word_1_4' title='bbox 954 233 1264 271; x_wconf 83' lang='lat' dir='ltr'>MONARCHIA</span> <span class='ocrx_word' id='word_1_5' title='bbox 1291 235 1329 270; x_wconf 86' lang='lat'><strong>11</strong></span> <span class='ocrx_word' id='word_1_6' title='bbox 1354 236 1458 272; x_wconf 88' lang='lat'><strong>8—9.</strong></span> 
     </span>
    </p>
   </div>
   <div class='ocr_carea' id='block_1_2' title="bbox 292 341 1854 2174">
    <p class='ocr_par' dir='ltr' id='par_1_2' title="bbox 292 341 1854 2174">
     <span class='ocr_line' id='line_1_2' title="bbox 630 341 1458 397; baseline 0.002 -13"><span class='ocrx_word' id='word_1_7' title='bbox 630 341 801 384; x_wconf 86' lang='lat' dir='ltr'><strong>Phebus</strong></span> <span class='ocrx_word' id='word_1_8' title='bbox 833 347 1022 384; x_wconf 86' lang='lat' dir='ltr'><strong>extremo</strong></span> <span class='ocrx_word' id='word_1_9' title='bbox 1054 343 1230 385; x_wconf 87' lang='lat' dir='ltr'><strong>ueniens</strong></span> <span class='ocrx_word' id='word_1_10' title='bbox 1261 343 1315 385; x_wconf 84' lang='lat' dir='ltr'><strong>ab</strong></span> <span class='ocrx_word' id='word_1_11' title='bbox 1348 348 1458 397; x_wconf 87' lang='lat' dir='ltr'><strong>ortu,</strong></span> 
     </span>
     <span class='ocr_line' id='line_1_3' title="bbox 631 410 1535 466; baseline 0.002 -14"><span class='ocrx_word' id='word_1_12' title='bbox 631 423 736 464; x_wconf 89' lang='lat' dir='ltr'><strong>quos</strong></span> <span class='ocrx_word' id='word_1_13' title='bbox 767 415 964 466; x_wconf 86' lang='lat' dir='ltr'><strong>premunt</strong></span> <span class='ocrx_word' id='word_1_14' title='bbox 995 415 1157 466; x_wconf 83' lang='lat' dir='ltr'><strong>septem</strong></span> <span class='ocrx_word' id='word_1_15' title='bbox 1191 410 1326 466; x_wconf 85' lang='lat' dir='ltr'>gelidi</span> <span class='ocrx_word' id='word_1_16' title='bbox 1359 413 1535 465; x_wconf 83' lang='lat' dir='ltr'><strong>triones,</strong></span> 
     </span>
     <span class='ocr_line' id='line_1_4' title="bbox 293 478 1438 532; baseline 0.004 -15"><span class='ocrx_word' id='word_1_17' title='bbox 293 492 329 518; x_wconf 82' lang='lat'><strong>69</strong></span> <span class='ocrx_word' id='word_1_18' title='bbox 629 491 733 532; x_wconf 90' lang='lat' dir='ltr'><strong>quos</strong></span> <span class='ocrx_word' id='word_1_19' title='bbox 765 478 921 520; x_wconf 90' lang='lat' dir='ltr'><strong>nothus</strong></span> <span class='ocrx_word' id='word_1_20' title='bbox 952 478 1069 521; x_wconf 89' lang='lat' dir='ltr'><strong>sicco</strong></span> <span class='ocrx_word' id='word_1_21' title='bbox 1103 479 1313 522; x_wconf 89' lang='lat' dir='ltr'><strong>uiolentus</strong></span> <span class='ocrx_word' id='word_1_22' title='bbox 1344 484 1438 523; x_wconf 90' lang='lat' dir='ltr'><strong>estu</strong></span> 
     </span>
     <span class='ocr_line' id='line_1_5' title="bbox 628 545 1483 601; baseline 0.002 -13"><span class='ocrx_word' id='word_1_23' title='bbox 628 551 772 594; x_wconf 87' lang='lat' dir='ltr'><strong>torret,</strong></span> <span class='ocrx_word' id='word_1_24' title='bbox 804 545 1004 589; x_wconf 86' lang='lat' dir='ltr'><strong>ardentes</strong></span> <span class='ocrx_word' id='word_1_25' title='bbox 1035 560 1270 601; x_wconf 82' lang='lat' dir='ltr'><strong>recoquens</strong></span> <span class='ocrx_word' id='word_1_26' title='bbox 1303 549 1483 590; x_wconf 84' lang='lat' dir='ltr'><strong>arenas&#39;.</strong></span> 
     </span>
     <span class='ocr_line' id='line_1_6' title="bbox 343 614 1836 671; baseline 0.002 -14"><span class='ocrx_word' id='word_1_27' title='bbox 343 614 438 657; x_wconf 89' lang='lat' dir='ltr'><strong>Hoc</strong></span> <span class='ocrx_word' id='word_1_28' title='bbox 471 616 599 657; x_wconf 89' lang='lat' dir='ltr'><strong>etiam</strong></span> <span class='ocrx_word' id='word_1_29' title='bbox 632 615 918 657; x_wconf 91' lang='lat' dir='ltr'><strong>testimonium</strong></span> <span class='ocrx_word' id='word_1_30' title='bbox 958 614 1156 670; x_wconf 89' lang='lat' dir='ltr'><strong>perbibet</strong></span> <span class='ocrx_word' id='word_1_31' title='bbox 1195 615 1337 658; x_wconf 87' lang='lat' dir='ltr'><strong>scriba</strong></span> <span class='ocrx_word' id='word_1_32' title='bbox 1370 615 1526 658; x_wconf 88' lang='lat' dir='ltr'><strong>Christi</strong></span> <span class='ocrx_word' id='word_1_33' title='bbox 1560 615 1715 670; x_wconf 85' lang='lat' dir='ltr'><strong>Lucas,</strong></span> <span class='ocrx_word' id='word_1_34' title='bbox 1763 618 1836 671; x_wconf 91' lang='lat' dir='ltr'><strong>qui</strong></span> 
     </span>
     <span class='ocr_line' id='line_1_7' title="bbox 295 681 1836 738; baseline 0.003 -16"><span class='ocrx_word' id='word_1_35' title='bbox 295 697 328 723; x_wconf 79' lang='lat'><strong>72</strong></span> <span class='ocrx_word' id='word_1_36' title='bbox 342 682 484 726; x_wconf 85' lang='lat' dir='ltr'><strong>omnia</strong></span> <span class='ocrx_word' id='word_1_37' title='bbox 516 696 618 725; x_wconf 83' lang='lat' dir='ltr'><strong>uera</strong></span> <span class='ocrx_word' id='word_1_38' title='bbox 650 682 757 724; x_wconf 85' lang='lat' dir='ltr'><strong>dicit</strong></span> <span class='ocrx_word' id='word_1_39' title='bbox 787 683 831 724; x_wconf 95' lang='lat' dir='ltr'><strong>in</strong></span> <span class='ocrx_word' id='word_1_40' title='bbox 863 681 938 724; x_wconf 88' lang='lat' dir='ltr'><strong>illa</strong></span> <span class='ocrx_word' id='word_1_41' title='bbox 978 688 1100 738; x_wconf 90' lang='lat' dir='ltr'><strong>parte</strong></span> <span class='ocrx_word' id='word_1_42' title='bbox 1141 684 1206 726; x_wconf 91' lang='lat' dir='ltr'><strong>sui</strong></span> <span class='ocrx_word' id='word_1_43' title='bbox 1249 683 1429 738; x_wconf 90' lang='lat' dir='ltr'><strong>eloquii:</strong></span> <span class='ocrx_word' id='word_1_44' title='bbox 1482 684 1612 726; x_wconf 80' lang='lat' dir='ltr'><strong>‘Exiit</strong></span> <span class='ocrx_word' id='word_1_45' title='bbox 1650 684 1836 728; x_wconf 87' lang='lat' dir='ltr'><strong>edictum</strong></span> 
     </span>
     <span class='ocr_line' id='line_1_8' title="bbox 342 750 1838 807; baseline 0.001 -14"><span class='ocrx_word' id='word_1_46' title='bbox 342 765 369 793; x_wconf 92' lang='lat' dir='ltr'><strong>a</strong></span> <span class='ocrx_word' id='word_1_47' title='bbox 401 764 548 793; x_wconf 83' lang='lat' dir='ltr'><strong>cesare</strong></span> <span class='ocrx_word' id='word_1_48' title='bbox 565 751 775 805; x_wconf 87' lang='lat' dir='ltr'><strong>Augusto,</strong></span> <span class='ocrx_word' id='word_1_49' title='bbox 810 755 855 792; x_wconf 89' lang='lat' dir='ltr'><strong>ut</strong></span> <span class='ocrx_word' id='word_1_50' title='bbox 886 750 1199 794; x_wconf 84' lang='lat' dir='ltr'><strong>describeretur</strong></span> <span class='ocrx_word' id='word_1_51' title='bbox 1223 753 1443 795; x_wconf 88' lang='lat' dir='ltr'><strong>uniuersus</strong></span> <span class='ocrx_word' id='word_1_52' title='bbox 1465 752 1605 795; x_wconf 90' lang='lat' dir='ltr'><strong>orbis’.</strong></span> <span class='ocrx_word' id='word_1_53' title='bbox 1667 752 1718 794; x_wconf 91' lang='lat' dir='ltr'><strong>In</strong></span> <span class='ocrx_word' id='word_1_54' title='bbox 1749 753 1838 807; x_wconf 88' lang='lat' dir='ltr'><strong>qui—</strong></span> 
     </span>
     <span class='ocr_line' id='line_1_9' title="bbox 343 818 1836 863; baseline 0.002 -3"><span class='ocrx_word' id='word_1_55' title='bbox 343 820 421 861; x_wconf 90' lang='lat' dir='ltr'><strong>bus</strong></span> <span class='ocrx_word' id='word_1_56' title='bbox 452 819 595 861; x_wconf 86' lang='lat' dir='ltr'><strong>uerbis</strong></span> <span class='ocrx_word' id='word_1_57' title='bbox 627 818 910 861; x_wconf 89' lang='lat' dir='ltr'><strong>uniuersalem</strong></span> <span class='ocrx_word' id='word_1_58' title='bbox 943 818 1089 861; x_wconf 93' lang='lat' dir='ltr'><strong>mundi</strong></span> <span class='ocrx_word' id='word_1_59' title='bbox 1123 819 1465 862; x_wconf 80' lang='lat' dir='ltr'><strong>iurisdictionem·</strong></span> <span class='ocrx_word' id='word_1_60' title='bbox 1491 825 1594 862; x_wconf 92' lang='lat' dir='ltr'><strong>tunc</strong></span> <span class='ocrx_word' id='word_1_61' title='bbox 1626 820 1836 863; x_wconf 83' lang='lat' dir='ltr'><strong>Romano-</strong></span> 
     </span>
     <span class='ocr_line' id='line_1_10' title="bbox 293 887 1320 942; baseline 0.003 -15"><span class='ocrx_word' id='word_1_62' title='bbox 293 902 327 927; x_wconf 76' lang='lat'><strong>75</strong></span> <span class='ocrx_word' id='word_1_63' title='bbox 341 900 432 929; x_wconf 89' lang='lat' dir='ltr'><strong>rum</strong></span> <span class='ocrx_word' id='word_1_64' title='bbox 465 887 597 930; x_wconf 89' lang='lat' dir='ltr'><strong>fuisse</strong></span> <span class='ocrx_word' id='word_1_65' title='bbox 629 892 780 942; x_wconf 89' lang='lat' dir='ltr'><strong>aperte</strong></span> <span class='ocrx_word' id='word_1_66' title='bbox 812 887 1052 942; x_wconf 84' lang='lat' dir='ltr'><strong>intelligere</strong></span> <span class='ocrx_word' id='word_1_67' title='bbox 1086 901 1320 942; x_wconf 88' lang='lat' dir='ltr'><strong>possumus.</strong></span> 
     </span>
     <span class='ocr_line' id='line_1_11' title="bbox 462 955 1832 1012; baseline 0.002 -16"><span class='ocrx_word' id='word_1_68' title='bbox 462 955 526 996; x_wconf 83' lang='lat' dir='ltr'><strong>Ex</strong></span> <span class='ocrx_word' id='word_1_69' title='bbox 559 955 713 1009; x_wconf 89' lang='lat' dir='ltr'><strong>quibus</strong></span> <span class='ocrx_word' id='word_1_70' title='bbox 746 955 940 998; x_wconf 88' lang='lat' dir='ltr'><strong>omnibus</strong></span> <span class='ocrx_word' id='word_1_71' title='bbox 973 955 1244 1012; x_wconf 83' lang='lat' dir='ltr'><strong>manifestum</strong></span> <span class='ocrx_word' id='word_1_72' title='bbox 1276 960 1356 1009; x_wconf 90' lang='lat' dir='ltr'><strong>est,</strong></span> <span class='ocrx_word' id='word_1_73' title='bbox 1390 955 1505 1009; x_wconf 91' lang='lat' dir='ltr'><strong>quod</strong></span> <span class='ocrx_word' id='word_1_74' title='bbox 1530 969 1729 998; x_wconf 89' lang='lat' dir='ltr'><strong>romanus</strong></span> <span class='ocrx_word' id='word_1_75' title='bbox 1761 970 1832 1011; x_wconf 91' lang='lat' dir='ltr'><strong>po-</strong></span> 
     </span>
     <span class='ocr_line' id='line_1_12' title="bbox 341 1022 1834 1079; baseline -0.001 -13"><span class='ocrx_word' id='word_1_76' title='bbox 341 1023 466 1078; x_wconf 90' lang='lat' dir='ltr'><strong>pulus</strong></span> <span class='ocrx_word' id='word_1_77' title='bbox 505 1023 670 1065; x_wconf 88' lang='lat' dir='ltr'><strong>eunctis</strong></span> <span class='ocrx_word' id='word_1_78' title='bbox 709 1022 1058 1066; x_wconf 82' lang='lat' dir='ltr'><strong>athletizantibus</strong></span> <span class='ocrx_word' id='word_1_79' title='bbox 1098 1037 1172 1078; x_wconf 88' lang='lat' dir='ltr'><strong>pro</strong></span> <span class='ocrx_word' id='word_1_80' title='bbox 1213 1024 1391 1079; x_wconf 91' lang='lat' dir='ltr'><strong>imperio</strong></span> <span class='ocrx_word' id='word_1_81' title='bbox 1424 1023 1569 1065; x_wconf 89' lang='lat' dir='ltr'><strong>mundi</strong></span> <span class='ocrx_word' id='word_1_82' title='bbox 1601 1023 1834 1079; x_wconf 75' lang='lat' dir='ltr'><strong>preualuit3</strong></span> 
     </span>
     <span class='ocr_line' id='line_1_13' title="bbox 292 1089 1836 1147; baseline 0.001 -16"><span class='ocrx_word' id='word_1_83' title='bbox 292 1106 327 1132; x_wconf 86' lang='lat'><strong>78</strong></span> <span class='ocrx_word' id='word_1_84' title='bbox 341 1105 444 1145; x_wconf 85' lang='lat' dir='ltr'><strong>ergo</strong></span> <span class='ocrx_word' id='word_1_85' title='bbox 491 1090 546 1133; x_wconf 92' lang='lat' dir='ltr'><strong>de</strong></span> <span class='ocrx_word' id='word_1_86' title='bbox 591 1091 736 1133; x_wconf 89' lang='lat' dir='ltr'><strong>diuino</strong></span> <span class='ocrx_word' id='word_1_87' title='bbox 784 1090 943 1134; x_wconf 91' lang='lat' dir='ltr'><strong>iudicio</strong></span> <span class='ocrx_word' id='word_1_88' title='bbox 990 1091 1220 1147; x_wconf 86' lang='lat' dir='ltr'><strong>preualuit,</strong></span> <span class='ocrx_word' id='word_1_89' title='bbox 1265 1096 1308 1133; x_wconf 89' lang='lat' dir='ltr'><strong>et</strong></span> <span class='ocrx_word' id='word_1_90' title='bbox 1348 1105 1425 1146; x_wconf 88' lang='lat' dir='ltr'><strong>per</strong></span> <span class='ocrx_word' id='word_1_91' title='bbox 1469 1103 1736 1144; x_wconf 86' lang='lat' dir='ltr'><strong>consequens</strong></span> <span class='ocrx_word' id='word_1_92' title='bbox 1780 1089 1836 1133; x_wconf 85' lang='lat' dir='ltr'><strong>de</strong></span> 
     </span>
     <span class='ocr_line' id='line_1_14' title="bbox 341 1157 1647 1214; baseline -0.001 -13"><span class='ocrx_word' id='word_1_93' title='bbox 341 1159 487 1202; x_wconf 90' lang='lat' dir='ltr'><strong>diuino</strong></span> <span class='ocrx_word' id='word_1_94' title='bbox 520 1158 679 1201; x_wconf 89' lang='lat' dir='ltr'><strong>iudicio</strong></span> <span class='ocrx_word' id='word_1_95' title='bbox 712 1160 909 1209; x_wconf 87' lang='lat' dir='ltr'><strong>obtinuit,</strong></span> <span class='ocrx_word' id='word_1_96' title='bbox 944 1159 1058 1214; x_wconf 89' lang='lat' dir='ltr'><strong>quod</strong></span> <span class='ocrx_word' id='word_1_97' title='bbox 1092 1164 1157 1202; x_wconf 86' lang='lat' dir='ltr'><strong>est</strong></span> <span class='ocrx_word' id='word_1_98' title='bbox 1189 1158 1243 1201; x_wconf 90' lang='lat' dir='ltr'><strong>de</strong></span> <span class='ocrx_word' id='word_1_99' title='bbox 1275 1160 1365 1201; x_wconf 89' lang='lat' dir='ltr'><strong>iure</strong></span> <span class='ocrx_word' id='word_1_100' title='bbox 1398 1157 1647 1201; x_wconf 90' lang='lat' dir='ltr'><strong>obtinuisse.</strong></span> 
     </span>
     <span class='ocr_line' id='line_1_15' title="bbox 297 1225 1837 1283; baseline 0 -15"><span class='ocrx_word' id='word_1_101' title='bbox 297 1225 328 1267; x_wconf 84' lang='lat'>9</span> <span class='ocrx_word' id='word_1_102' title='bbox 415 1228 452 1270; x_wconf 93' lang='grc' dir='ltr'><strong>Τ</strong></span> <span class='ocrx_word' id='word_1_103' title='bbox 484 1227 597 1282; x_wconf 92' lang='lat' dir='ltr'><strong>quod</strong></span> <span class='ocrx_word' id='word_1_104' title='bbox 631 1241 707 1283; x_wconf 85' lang='lat' dir='ltr'><strong>per</strong></span> <span class='ocrx_word' id='word_1_105' title='bbox 739 1227 926 1270; x_wconf 89' lang='lat' dir='ltr'><strong>duellum</strong></span> <span class='ocrx_word' id='word_1_106' title='bbox 950 1228 1197 1282; x_wconf 82' lang='lat' dir='ltr'><strong>acquiritur,</strong></span> <span class='ocrx_word' id='word_1_107' title='bbox 1232 1226 1286 1270; x_wconf 93' lang='lat' dir='ltr'><strong>de</strong></span> <span class='ocrx_word' id='word_1_108' title='bbox 1310 1228 1400 1269; x_wconf 84' lang='lat' dir='ltr'><strong>iure</strong></span> <span class='ocrx_word' id='word_1_109' title='bbox 1426 1226 1672 1281; x_wconf 88' lang='lat' dir='ltr'><strong>acquiritur.</strong></span> <span class='ocrx_word' id='word_1_110' title='bbox 1725 1226 1837 1270; x_wconf 84' lang='lat' dir='ltr'><strong>Nam</strong></span> 
     </span>
     <span class='ocr_line' id='line_1_16' title="bbox 444 1297 1836 1352; baseline -0.001 -12"><span class='ocrx_word' id='word_1_111' title='bbox 444 1299 685 1352; x_wconf 89' lang='lat' dir='ltr'><strong>ubicunque</strong></span> <span class='ocrx_word' id='word_1_112' title='bbox 724 1299 953 1341; x_wconf 87' lang='lat' dir='ltr'><strong>humanum</strong></span> <span class='ocrx_word' id='word_1_113' title='bbox 993 1298 1198 1342; x_wconf 87' lang='lat' dir='ltr'><strong>iudicium</strong></span> <span class='ocrx_word' id='word_1_114' title='bbox 1253 1297 1416 1351; x_wconf 73' lang='lat' dir='ltr'><strong>deficit,</strong></span> <span class='ocrx_word' id='word_1_115' title='bbox 1475 1297 1543 1339; x_wconf 92' lang='lat' dir='ltr'><strong>uel</strong></span> <span class='ocrx_word' id='word_1_116' title='bbox 1594 1297 1836 1351; x_wconf 77' lang='lat' dir='ltr'><strong>ignorantie</strong></span> 
     </span>
     <span class='ocr_line' id='line_1_17' title="bbox 309 1367 1836 1426; baseline 0 -16"><span class='ocrx_word' id='word_1_117' title='bbox 309 1386 324 1410; x_wconf 74' lang='lat' dir='ltr'><strong>a</strong></span> <span class='ocrx_word' id='word_1_118' title='bbox 342 1370 527 1413; x_wconf 87' lang='lat' dir='ltr'><strong>tenebris</strong></span> <span class='ocrx_word' id='word_1_119' title='bbox 558 1370 791 1412; x_wconf 90' lang='lat' dir='ltr'><strong>inuolutum</strong></span> <span class='ocrx_word' id='word_1_120' title='bbox 824 1370 890 1413; x_wconf 89' lang='lat' dir='ltr'><strong>uel</strong></span> <span class='ocrx_word' id='word_1_121' title='bbox 915 1375 1090 1426; x_wconf 84' lang='lat' dir='ltr'><strong>propter</strong></span> <span class='ocrx_word' id='word_1_122' title='bbox 1112 1369 1341 1426; x_wconf 89' lang='lat' dir='ltr'><strong>presidium</strong></span> <span class='ocrx_word' id='word_1_123' title='bbox 1371 1368 1528 1411; x_wconf 92' lang='lat' dir='ltr'><strong>iudicis</strong></span> <span class='ocrx_word' id='word_1_124' title='bbox 1555 1381 1640 1411; x_wconf 91' lang='lat' dir='ltr'><strong>non</strong></span> <span class='ocrx_word' id='word_1_125' title='bbox 1662 1367 1836 1422; x_wconf 84' lang='lat' dir='ltr'><strong>habere,</strong></span> 
     </span>
     <span class='ocr_line' id='line_1_18' title="bbox 340 1435 1838 1492; baseline -0.002 -12"><span class='ocrx_word' id='word_1_126' title='bbox 340 1451 393 1481; x_wconf 92' lang='lat' dir='ltr'><strong>ne</strong></span> <span class='ocrx_word' id='word_1_127' title='bbox 424 1439 588 1481; x_wconf 88' lang='lat' dir='ltr'><strong>iustitia</strong></span> <span class='ocrx_word' id='word_1_128' title='bbox 621 1437 829 1480; x_wconf 87' lang='lat' dir='ltr'><strong>derelicta</strong></span> <span class='ocrx_word' id='word_1_129' title='bbox 859 1443 1093 1492; x_wconf 84' lang='lat' dir='ltr'><strong>remaneat,</strong></span> <span class='ocrx_word' id='word_1_130' title='bbox 1127 1437 1430 1480; x_wconf 84' lang='lat' dir='ltr'><strong>recurrendum</strong></span> <span class='ocrx_word' id='word_1_131' title='bbox 1452 1441 1517 1479; x_wconf 88' lang='lat' dir='ltr'><strong>est</strong></span> <span class='ocrx_word' id='word_1_132' title='bbox 1538 1435 1596 1479; x_wconf 91' lang='lat' dir='ltr'><strong>ad</strong></span> <span class='ocrx_word' id='word_1_133' title='bbox 1617 1435 1735 1479; x_wconf 93' lang='lat' dir='ltr'><strong>illum</strong></span> <span class='ocrx_word' id='word_1_134' title='bbox 1765 1436 1838 1490; x_wconf 90' lang='lat' dir='ltr'><strong>qui</strong></span> 
     </span>
     <span class='ocr_line' id='line_1_19' title="bbox 341 1504 1837 1561; baseline -0.002 -13"><span class='ocrx_word' id='word_1_135' title='bbox 341 1510 503 1549; x_wconf 89' lang='lat' dir='ltr'><strong>tantum</strong></span> <span class='ocrx_word' id='word_1_136' title='bbox 537 1519 631 1548; x_wconf 90' lang='lat' dir='ltr'><strong>eam</strong></span> <span class='ocrx_word' id='word_1_137' title='bbox 664 1505 829 1557; x_wconf 85' lang='lat' dir='ltr'><strong>dilexit,</strong></span> <span class='ocrx_word' id='word_1_138' title='bbox 866 1511 912 1548; x_wconf 92' lang='lat' dir='ltr'><strong>ut</strong></span> <span class='ocrx_word' id='word_1_139' title='bbox 946 1506 1061 1560; x_wconf 91' lang='lat' dir='ltr'><strong>quod</strong></span> <span class='ocrx_word' id='word_1_140' title='bbox 1093 1507 1187 1561; x_wconf 83' lang='lat' dir='ltr'><strong>ipsa</strong></span> <span class='ocrx_word' id='word_1_141' title='bbox 1220 1505 1437 1560; x_wconf 85' lang='lat' dir='ltr'><strong>exigebat,</strong></span> <span class='ocrx_word' id='word_1_142' title='bbox 1471 1504 1526 1546; x_wconf 88' lang='lat' dir='ltr'><strong>de</strong></span> <span class='ocrx_word' id='word_1_143' title='bbox 1547 1505 1721 1559; x_wconf 75' lang='lat' dir='ltr'><strong>proprIo</strong></span> <span class='ocrx_word' id='word_1_144' title='bbox 1743 1517 1837 1546; x_wconf 83' lang='lat' dir='ltr'><strong>san-</strong></span> 
     </span>
     <span class='ocr_line' id='line_1_20' title="bbox 311 1569 1837 1629; baseline -0.003 -13"><span class='ocrx_word' id='word_1_145' title='bbox 311 1574 473 1628; x_wconf 72' lang='lat' dir='ltr'><strong>sguine</strong></span> <span class='ocrx_word' id='word_1_146' title='bbox 505 1575 597 1629; x_wconf 88' lang='lat' dir='ltr'><strong>ipse</strong></span> <span class='ocrx_word' id='word_1_147' title='bbox 630 1572 849 1616; x_wconf 91' lang='lat' dir='ltr'><strong>moriendo</strong></span> <span class='ocrx_word' id='word_1_148' title='bbox 882 1573 1109 1628; x_wconf 88' lang='lat' dir='ltr'><strong>suppleuit.</strong></span> <span class='ocrx_word' id='word_1_149' title='bbox 1176 1572 1295 1614; x_wconf 89' lang='lat' dir='ltr'><strong>Vnde</strong></span> <span class='ocrx_word' id='word_1_150' title='bbox 1327 1572 1537 1627; x_wconf 87' lang='lat' dir='ltr'><strong>psalmus:</strong></span> <span class='ocrx_word' id='word_1_151' title='bbox 1579 1571 1733 1613; x_wconf 85' lang='lat' dir='ltr'><strong>‘Iustus</strong></span> <span class='ocrx_word' id='word_1_152' title='bbox 1764 1569 1837 1612; x_wconf 92' lang='lat' dir='ltr'><strong>do-</strong></span> 
     </span>
     <span class='ocr_line' id='line_1_21' title="bbox 344 1637 1854 1693; baseline -0.003 -9"><span class='ocrx_word' id='word_1_153' title='bbox 344 1643 481 1684; x_wconf 90' lang='lat' dir='ltr'><strong>minus</strong></span> <span class='ocrx_word' id='word_1_154' title='bbox 529 1646 572 1684; x_wconf 89' lang='lat' dir='ltr'><strong>et</strong></span> <span class='ocrx_word' id='word_1_155' title='bbox 616 1641 801 1684; x_wconf 88' lang='lat' dir='ltr'><strong>iustitias</strong></span> <span class='ocrx_word' id='word_1_156' title='bbox 845 1640 1020 1683; x_wconf 83' lang='lat' dir='ltr'><strong>dilexit’.</strong></span> <span class='ocrx_word' id='word_1_157' title='bbox 1084 1640 1177 1683; x_wconf 91' lang='lat' dir='ltr'><strong>Hoc</strong></span> <span class='ocrx_word' id='word_1_158' title='bbox 1209 1644 1352 1682; x_wconf 87' lang='lat' dir='ltr'><strong>autem</strong></span> <span class='ocrx_word' id='word_1_159' title='bbox 1383 1638 1444 1693; x_wconf 86' lang='lat' dir='ltr'><strong>fit,</strong></span> <span class='ocrx_word' id='word_1_160' title='bbox 1486 1652 1579 1692; x_wconf 80' lang='lat' dir='ltr'><strong>cum</strong></span> <span class='ocrx_word' id='word_1_161' title='bbox 1613 1637 1667 1680; x_wconf 92' lang='lat' dir='ltr'><strong>de</strong></span> <span class='ocrx_word' id='word_1_162' title='bbox 1700 1637 1854 1681; x_wconf 90' lang='lat' dir='ltr'><strong>libero·</strong></span> 
     </span>
     <span class='ocr_line' id='line_1_22' title="bbox 344 1706 1837 1765; baseline -0.003 -13"><span class='ocrx_word' id='word_1_163' title='bbox 344 1723 519 1753; x_wconf 88' lang='lat' dir='ltr'><strong>assensu</strong></span> <span class='ocrx_word' id='word_1_164' title='bbox 553 1711 751 1765; x_wconf 88' lang='lat' dir='ltr'><strong>partium,</strong></span> <span class='ocrx_word' id='word_1_165' title='bbox 799 1722 882 1751; x_wconf 91' lang='lat' dir='ltr'><strong>non</strong></span> <span class='ocrx_word' id='word_1_166' title='bbox 915 1708 1027 1762; x_wconf 85' lang='lat' dir='ltr'><strong>odio,</strong></span> <span class='ocrx_word' id='word_1_167' title='bbox 1068 1707 1144 1751; x_wconf 91' lang='lat' dir='ltr'><strong>sed</strong></span> <span class='ocrx_word' id='word_1_168' title='bbox 1177 1720 1320 1750; x_wconf 88' lang='lat' dir='ltr'><strong>amore</strong></span> <span class='ocrx_word' id='word_1_169' title='bbox 1351 1707 1526 1760; x_wconf 88' lang='lat' dir='ltr'><strong>iustitie,</strong></span> <span class='ocrx_word' id='word_1_170' title='bbox 1577 1720 1654 1762; x_wconf 90' lang='lat' dir='ltr'><strong>per</strong></span> <span class='ocrx_word' id='word_1_171' title='bbox 1685 1706 1837 1748; x_wconf 90' lang='lat' dir='ltr'><strong>uirium</strong></span> 
     </span>
     <span class='ocr_line' id='line_1_23' title="bbox 314 1773 1838 1832; baseline -0.003 -12"><span class='ocrx_word' id='word_1_172' title='bbox 314 1796 330 1821; x_wconf 86' lang='lat'><strong>9</strong></span> <span class='ocrx_word' id='word_1_173' title='bbox 345 1783 431 1820; x_wconf 92' lang='lat' dir='ltr'><strong>tam</strong></span> <span class='ocrx_word' id='word_1_174' title='bbox 450 1778 579 1819; x_wconf 86' lang='lat' dir='ltr'><strong>animi</strong></span> <span class='ocrx_word' id='word_1_175' title='bbox 599 1790 726 1831; x_wconf 86' lang='lat' dir='ltr'><strong>quam</strong></span> <span class='ocrx_word' id='word_1_176' title='bbox 741 1776 931 1832; x_wconf 88' lang='lat' dir='ltr'><strong>corporis</strong></span> <span class='ocrx_word' id='word_1_177' title='bbox 945 1780 1133 1818; x_wconf 88' lang='lat' dir='ltr'><strong>mutuam</strong></span> <span class='ocrx_word' id='word_1_178' title='bbox 1149 1775 1411 1818; x_wconf 89' lang='lat' dir='ltr'><strong>collisionem</strong></span> <span class='ocrx_word' id='word_1_179' title='bbox 1426 1774 1617 1816; x_wconf 85' lang='lat' dir='ltr'><strong>diuinum</strong></span> <span class='ocrx_word' id='word_1_180' title='bbox 1634 1773 1838 1816; x_wconf 90' lang='lat' dir='ltr'><strong>iudicium</strong></span> 
     </span>
     <span class='ocr_line' id='line_1_24' title="bbox 344 1840 1839 1902; baseline -0.003 -14"><span class='ocrx_word' id='word_1_181' title='bbox 344 1846 596 1902; x_wconf 88' lang='lat' dir='ltr'><strong>postulatur.</strong></span> <span class='ocrx_word' id='word_1_182' title='bbox 661 1845 796 1896; x_wconf 84' lang='lat' dir='ltr'><strong>Quam</strong></span> <span class='ocrx_word' id='word_1_183' title='bbox 838 1843 1009 1898; x_wconf 88' lang='lat' dir='ltr'><strong>quidem</strong></span> <span class='ocrx_word' id='word_1_184' title='bbox 1044 1843 1318 1896; x_wconf 90' lang='lat' dir='ltr'><strong>collisionem,</strong></span> <span class='ocrx_word' id='word_1_185' title='bbox 1352 1842 1454 1897; x_wconf 82' lang='lat' dir='ltr'><strong>quia</strong></span> <span class='ocrx_word' id='word_1_186' title='bbox 1485 1842 1684 1897; x_wconf 88' lang='lat' dir='ltr'><strong>primitus</strong></span> <span class='ocrx_word' id='word_1_187' title='bbox 1714 1840 1839 1884; x_wconf 88' lang='lat' dir='ltr'><strong>unius</strong></span> 
     </span>
     <span class='ocr_line' id='line_1_25' title="bbox 346 1908 1838 1968; baseline -0.004 -12"><span class='ocrx_word' id='word_1_188' title='bbox 346 1913 400 1956; x_wconf 86' lang='lat' dir='ltr'><strong>ad</strong></span> <span class='ocrx_word' id='word_1_189' title='bbox 424 1927 553 1956; x_wconf 90' lang='lat' dir='ltr'><strong>unum</strong></span> <span class='ocrx_word' id='word_1_190' title='bbox 575 1914 657 1955; x_wconf 84' lang='lat' dir='ltr'><strong>fuit</strong></span> <span class='ocrx_word' id='word_1_191' title='bbox 678 1914 772 1968; x_wconf 88' lang='lat' dir='ltr'><strong>ipsa</strong></span> <span class='ocrx_word' id='word_1_192' title='bbox 793 1913 981 1965; x_wconf 87' lang='lat' dir='ltr'><strong>inuenta,</strong></span> <span class='ocrx_word' id='word_1_193' title='bbox 1011 1911 1197 1953; x_wconf 90' lang='lat' dir='ltr'><strong>duellum</strong></span> <span class='ocrx_word' id='word_1_194' title='bbox 1219 1910 1498 1966; x_wconf 87' lang='lat' dir='ltr'><strong>appellamus.</strong></span> <span class='ocrx_word' id='word_1_195' title='bbox 1562 1908 1649 1952; x_wconf 89' lang='lat' dir='ltr'><strong>Sed</strong></span> <span class='ocrx_word' id='word_1_196' title='bbox 1672 1921 1838 1964; x_wconf 90' lang='lat' dir='ltr'><strong>semper</strong></span> 
     </span>
     <span class='ocr_line' id='line_1_26' title="bbox 294 1977 1837 2034; baseline -0.005 -9"><span class='ocrx_word' id='word_1_197' title='bbox 294 2001 328 2026; x_wconf 82' lang='lat'><strong>12</strong></span> <span class='ocrx_word' id='word_1_198' title='bbox 346 1981 583 2024; x_wconf 87' lang='lat' dir='ltr'><strong>cauendum</strong></span> <span class='ocrx_word' id='word_1_199' title='bbox 617 1986 696 2033; x_wconf 88' lang='lat' dir='ltr'><strong>est,</strong></span> <span class='ocrx_word' id='word_1_200' title='bbox 728 1988 774 2022; x_wconf 90' lang='lat' dir='ltr'><strong>ut</strong></span> <span class='ocrx_word' id='word_1_201' title='bbox 807 1979 1162 2034; x_wconf 88' lang='lat' dir='ltr'><strong>quemadmodum</strong></span> <span class='ocrx_word' id='word_1_202' title='bbox 1193 1980 1236 2020; x_wconf 91' lang='lat' dir='ltr'><strong>in</strong></span> <span class='ocrx_word' id='word_1_203' title='bbox 1268 1978 1395 2021; x_wconf 84' lang='lat' dir='ltr'><strong>rebus</strong></span> <span class='ocrx_word' id='word_1_204' title='bbox 1426 1977 1592 2020; x_wconf 87' lang='lat' dir='ltr'><strong>bellicis</strong></span> <span class='ocrx_word' id='word_1_205' title='bbox 1613 1977 1730 2031; x_wconf 89' lang='lat' dir='ltr'><strong>prius</strong></span> <span class='ocrx_word' id='word_1_206' title='bbox 1753 1990 1837 2019; x_wconf 92' lang='lat' dir='ltr'><strong>om-</strong></span> 
     </span>
     <span class='ocr_line' id='line_1_27' title="bbox 346 2044 1839 2105; baseline -0.005 -13"><span class='ocrx_word' id='word_1_207' title='bbox 346 2050 418 2092; x_wconf 88' lang='lat' dir='ltr'><strong>nia</strong></span> <span class='ocrx_word' id='word_1_208' title='bbox 450 2048 701 2105; x_wconf 86' lang='lat' dir='ltr'><strong>temptanda</strong></span> <span class='ocrx_word' id='word_1_209' title='bbox 723 2053 820 2091; x_wconf 88' lang='lat' dir='ltr'><strong>sunt</strong></span> <span class='ocrx_word' id='word_1_210' title='bbox 844 2061 920 2104; x_wconf 88' lang='lat' dir='ltr'><strong>per</strong></span> <span class='ocrx_word' id='word_1_211' title='bbox 942 2047 1295 2103; x_wconf 83' lang='lat' dir='ltr'><strong>disceptationem</strong></span> <span class='ocrx_word' id='word_1_212' title='bbox 1319 2045 1546 2100; x_wconf 90' lang='lat' dir='ltr'><strong>quandam,</strong></span> <span class='ocrx_word' id='word_1_213' title='bbox 1579 2049 1622 2087; x_wconf 91' lang='lat' dir='ltr'><strong>et</strong></span> <span class='ocrx_word' id='word_1_214' title='bbox 1644 2044 1839 2086; x_wconf 89' lang='lat' dir='ltr'><strong>ultimum</strong></span> 
     </span>
     <span class='ocr_line' id='line_1_28' title="bbox 346 2113 1839 2174; baseline -0.004 -14"><span class='ocrx_word' id='word_1_215' title='bbox 346 2131 423 2173; x_wconf 88' lang='lat' dir='ltr'><strong>per</strong></span> <span class='ocrx_word' id='word_1_216' title='bbox 463 2118 643 2174; x_wconf 91' lang='lat' dir='ltr'><strong>prelium</strong></span> <span class='ocrx_word' id='word_1_217' title='bbox 689 2116 978 2159; x_wconf 88' lang='lat' dir='ltr'><strong>dimicandum</strong></span> <span class='ocrx_word' id='word_1_218' title='bbox 1020 2119 1097 2169; x_wconf 87' lang='lat' dir='ltr'><strong>est,</strong></span> <span class='ocrx_word' id='word_1_219' title='bbox 1141 2120 1188 2158; x_wconf 91' lang='lat' dir='ltr'><strong>ut</strong></span> <span class='ocrx_word' id='word_1_220' title='bbox 1219 2115 1384 2157; x_wconf 83' lang='lat' dir='ltr'><strong>Tullius</strong></span> <span class='ocrx_word' id='word_1_221' title='bbox 1426 2119 1470 2156; x_wconf 90' lang='lat' dir='ltr'><strong>et</strong></span> <span class='ocrx_word' id='word_1_222' title='bbox 1502 2113 1707 2167; x_wconf 86' lang='lat' dir='ltr'><strong>Vegetius</strong></span> <span class='ocrx_word' id='word_1_223' title='bbox 1743 2125 1839 2155; x_wconf 88' lang='lat' dir='ltr'><strong>con-</strong></span> 
     </span>
    </p>
   </div>
   <div class='ocr_carea' id='block_1_3' title="bbox 348 2204 1847 2591">
    <p class='ocr_par' dir='ltr' id='par_1_3' title="bbox 348 2204 1847 2312">
     <span class='ocr_line' id='line_1_29' title="bbox 467 2204 1847 2256; baseline -0.004 -9"><span class='ocrx_word' id='word_1_224' title='bbox 467 2213 512 2247; x_wconf 81' lang='lat'><strong>70</strong></span> <span class='ocrx_word' id='word_1_225' title='bbox 538 2221 797 2256; x_wconf 89' lang='lat' dir='ltr'><strong>requoquens</strong></span> <span class='ocrx_word' id='word_1_226' title='bbox 831 2211 867 2246; x_wconf 94' lang='lat' dir='ltr'><strong><em>V</em></strong></span> <span class='ocrx_word' id='word_1_227' title='bbox 968 2210 1014 2245; x_wconf 82' lang='lat'><strong>72</strong></span> <span class='ocrx_word' id='word_1_228' title='bbox 1040 2211 1079 2244; x_wconf 91' lang='lat' dir='ltr'><strong>in</strong></span> <span class='ocrx_word' id='word_1_229' title='bbox 1097 2229 1139 2234; x_wconf 84' lang='lat'><strong>——</strong></span> <span class='ocrx_word' id='word_1_230' title='bbox 1155 2209 1303 2255; x_wconf 86' lang='lat' dir='ltr'><strong>eloquii</strong></span> <span class='ocrx_word' id='word_1_231' title='bbox 1331 2219 1406 2243; x_wconf 89' lang='lat' dir='ltr'><strong>om.</strong></span> <span class='ocrx_word' id='word_1_232' title='bbox 1429 2208 1465 2244; x_wconf 94' lang='lat' dir='ltr'><strong><em>V</em></strong></span> <span class='ocrx_word' id='word_1_233' title='bbox 1533 2207 1670 2242; x_wconf 83' lang='lat' dir='ltr'><strong>Exiuit</strong></span> <span class='ocrx_word' id='word_1_234' title='bbox 1695 2204 1847 2241; x_wconf 87' lang='lat' dir='ltr'><strong><em>EPTV</em></strong></span> 
     </span>
     <span class='ocr_line' id='line_1_30' title="bbox 348 2263 1538 2312; baseline -0.005 -8"><span class='ocrx_word' id='word_1_235' title='bbox 348 2269 427 2304; x_wconf 82' lang='lat' dir='ltr'><strong>edd</strong></span> <span class='ocrx_word' id='word_1_236' title='bbox 524 2267 570 2302; x_wconf 82' lang='lat'><strong>78</strong></span> <span class='ocrx_word' id='word_1_237' title='bbox 596 2278 695 2312; x_wconf 88' lang='lat' dir='ltr'><strong>ergo</strong></span> <span class='ocrx_word' id='word_1_238' title='bbox 712 2286 754 2291; x_wconf 87' lang='lat'><strong>-—</strong></span> <span class='ocrx_word' id='word_1_239' title='bbox 774 2267 978 2312; x_wconf 87' lang='lat' dir='ltr'><strong>preualuit</strong></span> <span class='ocrx_word' id='word_1_240' title='bbox 1004 2277 1081 2301; x_wconf 86' lang='lat' dir='ltr'><strong>om.</strong></span> <span class='ocrx_word' id='word_1_241' title='bbox 1095 2265 1208 2300; x_wconf 68' lang='grc' dir='ltr'><strong>ΑΕΓ</strong></span> <span class='ocrx_word' id='word_1_242' title='bbox 1279 2265 1328 2300; x_wconf 91' lang='lat' dir='ltr'><strong>de</strong></span> <span class='ocrx_word' id='word_1_243' title='bbox 1355 2274 1429 2300; x_wconf 88' lang='lat' dir='ltr'><strong>om.</strong></span> <span class='ocrx_word' id='word_1_244' title='bbox 1446 2263 1538 2298; x_wconf 91' lang='lat' dir='ltr'><strong>DM</strong></span> 
     </span>
    </p>

    <p class='ocr_par' dir='ltr' id='par_1_4' title="bbox 348 2316 1844 2591">
     <span class='ocr_line' id='line_1_31' title="bbox 465 2316 1841 2365; baseline -0.006 -6"><span class='ocrx_word' id='word_1_245' title='bbox 465 2324 489 2358; x_wconf 81' lang='grc'><strong>9</strong></span> <span class='ocrx_word' id='word_1_246' title='bbox 514 2325 537 2359; x_wconf 91' lang='grc'><strong>3</strong></span> <span class='ocrx_word' id='word_1_247' title='bbox 563 2324 703 2358; x_wconf 84' lang='lat' dir='ltr'><strong>haberi</strong></span> <span class='ocrx_word' id='word_1_248' title='bbox 720 2323 802 2358; x_wconf 78' lang='lat' dir='ltr'><strong>GH</strong></span> <span class='ocrx_word' id='word_1_249' title='bbox 881 2322 904 2356; x_wconf 82' lang='lat'><strong>4</strong></span> <span class='ocrx_word' id='word_1_250' title='bbox 931 2326 1091 2356; x_wconf 86' lang='lat' dir='ltr'><strong>maneat</strong></span> <span class='ocrx_word' id='word_1_251' title='bbox 1106 2321 1259 2356; x_wconf 84' lang='lat' dir='ltr'><strong><em>BFTV</em></strong></span> <span class='ocrx_word' id='word_1_252' title='bbox 1338 2320 1359 2354; x_wconf 89' lang='grc'>6</span> <span class='ocrx_word' id='word_1_253' title='bbox 1387 2317 1513 2365; x_wconf 80' lang='lat' dir='ltr'><strong>Vnde]</strong></span> <span class='ocrx_word' id='word_1_254' title='bbox 1540 2317 1677 2353; x_wconf 77' lang='lat' dir='ltr'><strong>utGV</strong></span> <span class='ocrx_word' id='word_1_255' title='bbox 1753 2316 1774 2351; x_wconf 84' lang='grc'><strong>7</strong></span> <span class='ocrx_word' id='word_1_256' title='bbox 1801 2319 1841 2352; x_wconf 85' lang='lat' dir='ltr'><strong>et</strong></span> 
     </span>
     <span class='ocr_line' id='line_1_32' title="bbox 349 2373 1839 2418; baseline -0.007 -2"><span class='ocrx_word' id='word_1_257' title='bbox 349 2392 423 2417; x_wconf 87' lang='lat' dir='ltr'><strong>om.</strong></span> <span class='ocrx_word' id='word_1_258' title='bbox 438 2380 558 2416; x_wconf 79' lang='lat' dir='ltr'><strong>DGK</strong></span> <span class='ocrx_word' id='word_1_259' title='bbox 566 2381 602 2416; x_wconf 94' lang='lat' dir='ltr'><strong><em>V</em></strong></span> <span class='ocrx_word' id='word_1_260' title='bbox 692 2379 887 2413; x_wconf 80' lang='lat' dir='ltr'><strong>iustitiam</strong></span> <span class='ocrx_word' id='word_1_261' title='bbox 914 2377 1074 2413; x_wconf 84' lang='lat' dir='ltr'><strong><em>AEGM</em></strong></span> <span class='ocrx_word' id='word_1_262' title='bbox 1168 2376 1191 2411; x_wconf 89' lang='lat'>8</span> <span class='ocrx_word' id='word_1_263' title='bbox 1217 2386 1346 2410; x_wconf 88' lang='lat' dir='ltr'><strong>turum</strong></span> <span class='ocrx_word' id='word_1_264' title='bbox 1366 2375 1449 2418; x_wconf 86' lang='lat' dir='ltr'><strong>BF,</strong></span> <span class='ocrx_word' id='word_1_265' title='bbox 1476 2375 1608 2409; x_wconf 90' lang='lat' dir='ltr'><strong>iurum</strong></span> <span class='ocrx_word' id='word_1_266' title='bbox 1635 2373 1681 2417; x_wconf 91' lang='lat' dir='ltr'><strong>L,</strong></span> <span class='ocrx_word' id='word_1_267' title='bbox 1707 2373 1839 2407; x_wconf 87' lang='lat' dir='ltr'><strong>uirum</strong></span> 
     </span>
     <span class='ocr_line' id='line_1_33' title="bbox 355 2427 1842 2481; baseline -0.007 -8"><span class='ocrx_word' id='word_1_268' title='bbox 355 2439 395 2481; x_wconf 91' lang='lat' dir='ltr'><strong>V,</strong></span> <span class='ocrx_word' id='word_1_269' title='bbox 428 2440 525 2472; x_wconf 74' lang='lat' dir='ltr'><strong>umsi</strong></span> <span class='ocrx_word' id='word_1_270' title='bbox 550 2437 600 2479; x_wconf 92' lang='lat' dir='ltr'><strong>D,</strong></span> <span class='ocrx_word' id='word_1_271' title='bbox 637 2445 762 2470; x_wconf 90' lang='lat' dir='ltr'><strong>vnum</strong></span> <span class='ocrx_word' id='word_1_272' title='bbox 788 2435 828 2469; x_wconf 87' lang='lat' dir='ltr'><em>E</em></span> <span class='ocrx_word' id='word_1_273' title='bbox 958 2434 980 2468; x_wconf 88' lang='grc'>9</span> <span class='ocrx_word' id='word_1_274' title='bbox 1006 2434 1139 2468; x_wconf 89' lang='lat' dir='ltr'><strong>anime</strong></span> <span class='ocrx_word' id='word_1_275' title='bbox 1164 2432 1278 2467; x_wconf 89' lang='lat' dir='ltr'><strong>BDL</strong></span> <span class='ocrx_word' id='word_1_276' title='bbox 1413 2431 1457 2465; x_wconf 88' lang='lat'><strong>10</strong></span> <span class='ocrx_word' id='word_1_277' title='bbox 1483 2430 1741 2465; x_wconf 90' lang='lat' dir='ltr'><strong>collusionem</strong></span> <span class='ocrx_word' id='word_1_278' title='bbox 1767 2427 1842 2462; x_wconf 90' lang='lat' dir='ltr'><strong>AD</strong></span> 
     </span>
     <span class='ocr_line' id='line_1_34' title="bbox 348 2485 1751 2531; baseline -0.007 -2"><span class='ocrx_word' id='word_1_279' title='bbox 348 2504 455 2529; x_wconf 90' lang='lat' dir='ltr'><strong>unus</strong></span> <span class='ocrx_word' id='word_1_280' title='bbox 480 2492 643 2528; x_wconf 79' lang='lat' dir='ltr'><em>DFMP</em></span> <span class='ocrx_word' id='word_1_281' title='bbox 762 2491 807 2526; x_wconf 87' lang='grc'><strong>13</strong></span> <span class='ocrx_word' id='word_1_282' title='bbox 835 2490 1010 2528; x_wconf 76' lang='lat' dir='ltr'><strong>tenenda</strong></span> <span class='ocrx_word' id='word_1_283' title='bbox 1037 2491 1079 2531; x_wconf 87' lang='lat' dir='ltr'><strong>B,</strong></span> <span class='ocrx_word' id='word_1_284' title='bbox 1118 2487 1357 2523; x_wconf 84' lang='lat' dir='ltr'><strong>intentanda</strong></span> <span class='ocrx_word' id='word_1_285' title='bbox 1382 2487 1432 2531; x_wconf 88' lang='lat' dir='ltr'><strong>D,</strong></span> <span class='ocrx_word' id='word_1_286' title='bbox 1473 2485 1686 2521; x_wconf 79' lang='lat' dir='ltr'><strong>tractanda</strong></span> <span class='ocrx_word' id='word_1_287' title='bbox 1711 2485 1751 2519; x_wconf 83' lang='lat' dir='ltr'><em>F</em></span> 
     </span>
     <span class='ocr_line' id='line_1_35' title="bbox 349 2539 1844 2591; baseline -0.007 -5"><span class='ocrx_word' id='word_1_288' title='bbox 349 2551 490 2586; x_wconf 71' lang='lat' dir='ltr'><strong>ultimo</strong></span> <span class='ocrx_word' id='word_1_289' title='bbox 517 2548 684 2583; x_wconf 79' lang='lat' dir='ltr'><strong><em>DGMT</em></strong></span> <span class='ocrx_word' id='word_1_290' title='bbox 789 2547 833 2581; x_wconf 83' lang='lat'><strong>14</strong></span> <span class='ocrx_word' id='word_1_291' title='bbox 861 2556 931 2591; x_wconf 88' lang='lat' dir='ltr'><strong>per</strong></span> <span class='ocrx_word' id='word_1_292' title='bbox 958 2556 1032 2581; x_wconf 89' lang='lat' dir='ltr'><strong>om.</strong></span> <span class='ocrx_word' id='word_1_293' title='bbox 1048 2546 1122 2581; x_wconf 93' lang='lat' dir='ltr'><strong>PV</strong></span> <span class='ocrx_word' id='word_1_294' title='bbox 1196 2547 1256 2579; x_wconf 86' lang='lat' dir='ltr'><strong>est</strong></span> <span class='ocrx_word' id='word_1_295' title='bbox 1282 2543 1452 2579; x_wconf 86' lang='lat' dir='ltr'><strong>om.DT</strong></span> <span class='ocrx_word' id='word_1_296' title='bbox 1526 2542 1708 2588; x_wconf 87' lang='lat' dir='ltr'><strong>Vigetius</strong></span> <span class='ocrx_word' id='word_1_297' title='bbox 1732 2539 1844 2575; x_wconf 85' lang='lat' dir='ltr'><strong>AEP</strong></span> 
     </span>
    </p>
   </div>
   <div class='ocr_carea' id='block_1_4' title="bbox 469 2619 1527 2720">
    <p class='ocr_par' dir='ltr' id='par_1_5' title="bbox 469 2619 1527 2720">
     <span class='ocr_line' id='line_1_36' title="bbox 469 2619 839 2661; baseline -0.011 -4"><span class='ocrx_word' id='word_1_298' title='bbox 469 2621 611 2657; x_wconf 76' lang='lat'><strong>72—73</strong></span> <span class='ocrx_word' id='word_1_299' title='bbox 637 2620 735 2655; x_wconf 89' lang='lat' dir='ltr'><strong>Luc.</strong></span> <span class='ocrx_word' id='word_1_300' title='bbox 754 2619 788 2661; x_wconf 85' lang='lat'><strong>2,</strong></span> <span class='ocrx_word' id='word_1_301' title='bbox 806 2621 839 2654; x_wconf 85' lang='lat'><strong>1.</strong></span> 
     </span>
     <span class='ocr_line' id='line_1_37' title="bbox 469 2670 1527 2720; baseline -0.007 -7"><span class='ocrx_word' id='word_1_302' title='bbox 469 2678 562 2713; x_wconf 80' lang='grc'><strong>6-7</strong></span> <span class='ocrx_word' id='word_1_303' title='bbox 589 2678 655 2712; x_wconf 79' lang='lat' dir='ltr'><strong>Ps.</strong></span> <span class='ocrx_word' id='word_1_304' title='bbox 674 2677 730 2720; x_wconf 89' lang='lat'><strong>10,</strong></span> <span class='ocrx_word' id='word_1_305' title='bbox 750 2677 783 2711; x_wconf 86' lang='lat'><strong>7.</strong></span> <span class='ocrx_word' id='word_1_306' title='bbox 897 2674 940 2709; x_wconf 83' lang='lat'><strong>14</strong></span> <span class='ocrx_word' id='word_1_307' title='bbox 972 2671 1155 2719; x_wconf 76' lang='lat' dir='ltr'><strong>Veyetz&#39;us</strong></span> <span class='ocrx_word' id='word_1_308' title='bbox 1181 2673 1229 2708; x_wconf 84' lang='lat' dir='ltr'><strong>de</strong></span> <span class='ocrx_word' id='word_1_309' title='bbox 1255 2682 1299 2706; x_wconf 82' lang='lat' dir='ltr'><strong>re</strong></span> <span class='ocrx_word' id='word_1_310' title='bbox 1324 2670 1410 2706; x_wconf 82' lang='lat' dir='ltr'><strong>mil.</strong></span> <span class='ocrx_word' id='word_1_311' title='bbox 1436 2672 1471 2709; x_wconf 85' lang='lat'><strong>3,</strong></span> <span class='ocrx_word' id='word_1_312' title='bbox 1493 2670 1527 2706; x_wconf 86' lang='lat'><strong>9.</strong></span> 
     </span>
    </p>
   </div>
  </div>
 </body>
</html>
