2002 3302
565 267 760 304 DANTIS
787 265 1096 303 MONARCHIA
1125 266 1140 300 Ι
1168 266 1223 300 11.
1596 263 1642 298 25

67 388 72 399 ’·
124 378 344 432 ,τίῐάἰίες
379 378 535 421 caritas
566 390 682 430 uero,
715 376 870 432 spretis
903 375 998 417 aliis
1030 373 1238 426 omnibus,
1272 373 1411 427 querit
1442 372 1569 414 deum
1599 375 1643 414 et
1655 389 1703 414 ⁶9-

128 447 377 500 hominem,
410 449 454 489 et
484 456 858 502 perconsequens
890 444 1044 486 bonum
1074 442 1269 484 hominis.
1319 441 1508 495 Cumque
1532 441 1642 482 inter

153 514 240 569 alia
277 515 388 558 bona
426 514 607 556 hominis
644 512 910 569 potissimum
943 513 998 554 sit
1029 512 1071 553 in
1103 524 1211 566 pace
1243 511 1403 563 uiuere,
1436 513 1483 551 ut
1514 522 1642 564 supra.

153 582 388 635 dicebatur,
422 587 465 625 et
495 582 577 624 hoc
609 581 807 637 operetur
839 581 1022 623 maxime
1049 584 1178 634 atque
1210 578 1430 635 potissime
1462 578 1640 631 iustitia,
1661 594 1707 620 τε»

153 652 310 695 ‘caritas
352 651 537 695 maxime
581 651 786 693 iustitiam
829 649 1056 704 uigorabit,
1102 652 1144 690 et
1186 648 1325 703 potior
1364 646 1520 703 potius.
1586 645 1642 687 Et

153 719 266 775 quod
303 706 532 763 monarche
570 720 754 761 maxime
794 718 1005 761 hominum
1040 722 1158 760 recta
1190 715 1365 759 dilectio
1398 717 1537 757 inesse
1570 714 1641 758 de·

151 789 265 842 beat,
287 793 408 844 patet
429 788 510 831 sie:
545 787 678 831 Omne
701 781 912 841 diligibile
935 790 1053 828 tanto
1085 786 1230 841 magis·
1249 784 1455 840 diligitur,
1480 788 1639 838 quanto
1656 802 1690 828 ‘15

151 856 430 913 propinquius
452 860 516 899 est
548 855 764 910 diligenti,
799 854 874 897 sed
898 854 1090 897 homines
1113 853 1390 909 propinquius
1411 852 1641 896 monarche

15 915 25 929 ”
149 927 249 968 sunt
281 937 406 979 quam
439 924 535 967 aliis
567 924 850 979 principibus;
884 936 986 977 ergo
1019 923 1073 965 ab
1107 936 1156 965 eo
1184 922 1368 964 maxime
1392 921 1641 977 diliguntur,

79 996 83 998 ’
149 992 219 1035 uel
250 991 373 1047 diligi
405 991 576 1035 debent.
617 986 783 1033 *Prima
814 991 1044 1033 manifesta
1077 996 1154 1043 est,
1200 992 1234 1033 si
1268 996 1419 1033 natura
1450 991 1703 1046 passiuo-w-

50 1058 55 1074 Ὶ

149 1073 239 1103 rum
279 1065 323 1103 et
360 1061 594 1102 aetiuorum
634 1059 948 1111 eonsideretur3
998 1059 1188 1102 secunda
1224 1072 1301 1114 per
1334 1059 1415 1101 hoc
1447 1062 1641 1114 apparet,

152 1127 252 1183 quia
295 1129 558 1184 principibus
604 1129 700 1170 aliis
742 1129 933 1171 homines
971 1142 1054 1170 non
1093 1131 1438 1184 appropinquant
1476 1128 1557 1169 nisi
1600 1127 1642 1168 in

150 1201 286 1252 parte,
306 1196 548 1238 monarche
582 1209 682 1238 uero
715 1196 948 1239 secundum
980 1202 1129 1240 totum.
1194 1197 1250 1238 Et
1283 1209 1442 1239 rursus:
1489 1196 1697 1251 princi-2³1⁴

151 1264 276 1320 pibus
307 1264 403 1307 aliis
435 1265 781 1320 appropinquant
820 1278 895 1319 per
935 1265 1223 1318 monarcham,
1273 1270 1315 1310 et
1355 1278 1439 1306 non
1478 1278 1500 1307 e
1544 1278 1641 1306 con-

150 1345 297 1386 uerso,
347 1338 388 1375 et
426 1333 489 1376 sic
527 1346 603 1388 per
641 1334 757 1388 prius
797 1337 840 1375 et
872 1333 1103 1375 inmediate
1136 1333 1364 1375 monarche
1397 1332 1508 1375 inest
1541 1345 1643 1374 cura

151 1400 206 1443 de
228 1402 433 1454 omnibus,
468 1401 563 1443 aliis
586 1406 724 1444 autem
749 1402 1012 1457 principibus
1034 1415 1110 1457 per
1132 1401 1421 1455 monarcham,
1455 1415 1504 1444 eo
1529 1399 1642 1455 quod
1656 1418 1695 1444 84-

151 1481 252 1512 eura
273 1469 458 1525 ipsorum
481 1483 507 1511 a
530 1483 632 1512 eura
655 1470 728 1511 illa
750 1483 949 1525 suprema
971 1469 1206 1512 descendit.
1257 1471 1458 1512 Preterea
1481 1474 1641 1524 quanto

7 1534 24 1579 2³³
64 1583 78 1586 ,
150 1549 279 1580 causa
317 1542 381 1580 est
421 1538 711 1591 uniuersahor,
760 1542 880 1580 tanto
913 1538 1050 1592 magis
1081 1539 1213 1581 habet
1246 1538 1455 1580 rationem
1489 1551 1641 1591 cause3

149 1604 250 1660 quia
281 1606 456 1648 inferior
488 1619 571 1648 non
613 1611 679 1649 est
721 1620 850 1649 causa
888 1607 969 1649 nisi
1007 1620 1085 1662 per
1117 1607 1392 1662 superiorem,
1443 1612 1488 1648 ut
1522 1610 1700 1661 patetsvv

267 1724 314 1759 68
338 1725 556 1769 perseitate.
582 1725 665 1767 BL,
695 1726 841 1770 parsei-
869 1727 914 1768 K,
942 1727 1086 1770 persei·
1112 1726 1156 1768 A,
1183 1726 1302 1770 persi·
1331 1726 1374 1766 F,
1411 1726 1536 1770 parci·
1563 1725 1643 1770 PT,

149 1785 304 1825 persec—
337 1780 379 1822 V,
414 1791 486 1825 pro
513 1782 731 1816 seueritate
757 1781 883 1824 DGH,
924 1792 996 1827 per
1022 1783 1275 1817 sanctitatem
1303 1781 1392 1816 ΕΜ
1483 1782 1528 1816 69
1555 1781 1642 1816 aliis

151 1836 337 1870 omnibus
362 1836 506 1881 spretis
526 1836 611 1879 BL,
637 1847 694 1882 sp.
715 1847 750 1873 ο.
769 1848 804 1872 a.
826 1838 899 1873 ΕΘ
989 1838 1034 1873 72
1061 1843 1251 1883 operatur
1277 1839 1350 1872 AE
1458 1838 1503 1874 73
1528 1839 1642 1882 uigo-

31 1894 49 1910 ‘'
76 1911 80 1916 ·
149 1891 267 1926 rabat
299 1893 351 1936 V,
370 1892 574 1938 ignorabit
601 1893 638 1926 P
744 1893 789 1928 74
815 1893 934 1939 quod]
963 1905 1052 1930 eum
1081 1895 1158 1930 PV
1274 1895 1319 1929 76
1345 1894 1424 1930 Sed
1445 1895 1601 1930 BDPV

24 1965 36 1976 =
71 1951 96 1971 «“
146 1949 459 1994 propinquiores
481 1950 515 1985 V
603 1949 743 1986 76—77
769 1955 863 1986 sunt
888 1952 1103 1986 monarche
1125 1951 1198 1986 GP
1290 1951 1336 1986 79
1363 1955 1441 1985 aet·
1468 1955 1508 1986 et
1535 1961 1642 1996 pass-

147 2004 231 2040 DF
338 2008 450 2051 patet
475 2016 546 2051 per
572 2006 648 2042 hoc
673 2007 746 2041 BL
862 2006 1003 2042 80—82
1029 2007 1209 2042 homines
1225 2027 1267 2032 —-
1284 2008 1370 2041 aliis
1397 2018 1473 2042 om.
1490 2007 1537 2041 M

147 2060 193 2096 81
218 2071 319 2097 uero
346 2072 421 2097 om.
439 2061 514 2097 AT
605 2063 652 2098 82
678 2059 881 2098 contrario
909 2063 1026 2098 HLT
1117 2064 1164 2099 83
1190 2065 1293 2098 inest
1320 2073 1418 2098 cura
1441 2074 1514 2098 om.
1531 2063 1570 2096 D

148 2116 195 2152 85
220 2127 359 2157 eorum
385 2118 468 2162 BL,
495 2119 652 2154 illorum
680 2119 729 2154 M
821 2120 867 2154 86
892 2120 1163 2154 uniuersalior
1189 2118 1391 2160 ABFic(T
1415 2130 1464 2154 ex
1490 2131 1639 2155 correc-

148 2173 270 2216 tura),
297 2173 431 2208 utilior
457 2173 607 2220 reliqui
700 2175 745 2210 87
772 2175 935 2210 inferior
963 2185 1038 2210 om.
1060 2175 1106 2217 G,
1132 2176 1313 2211 inferiori
1328 2176 1414 2210 AM
1503 2176 1549 2211 88
1575 2175 1639 2220 ex]

149 2228 191 2264 in
219 2228 300 2264 GM
387 2240 511 2264 causa
537 2232 667 2276 magis
693 2235 753 2266 est
779 2241 902 2266 causa
926 2231 1088 2275 DHLT,
1126 2233 1254 2277 magis
1281 2242 1404 2267 causa
1431 2237 1490 2268 est
1517 2243 1641 2268 causa

149 2284 282 2329 FPW,
313 2294 436 2321 causa
459 2290 518 2321 est
543 2287 672 2332 magis
699 2297 823 2322 eausa
836 2288 956 2331 ABG,
983 2289 1113 2333 magis
1139 2292 1198 2323 est
1220 2299 1342 2323 causa
1359 2289 1404 2331 E,
1434 2300 1464 2324 c.
1485 2294 1544 2324 est
1562 2301 1641 2324 ma-

149 2341 211 2386 gis
237 2346 297 2376 est
323 2353 355 2378 e.
382 2343 426 2385 K,
453 2353 485 2377 c.
511 2344 642 2388 magis
670 2354 701 2378 c.
728 2347 787 2378 est
814 2344 868 2387 M
897 2345 1026 2389 magis
1053 2346 1157 2379 enim
1185 2349 1244 2380 est
1271 2357 1301 2380 e.
1336 2346 1371 2380 V

268 2433 385 2468 87-8
411 2433 534 2469 Liber
551 2437 600 2470 de
617 2435 754 2471 causis
780 2436 843 2479 (de
862 2446 940 2482 quo
967 2436 1018 2481 cf.
1037 2437 1078 2471 Ο.
1093 2437 1402 2480 Bardenhewer,
1428 2437 1504 2472 Die
1519 2449 1640 2483 pseu-

150 2486 495 2524 doaristotelische
514 2489 669 2535 Schrift
694 2491 792 2526 uber
823 2493 900 2527 das
926 2491 1037 2527 reine
1065 2492 1176 2535 Gute,
1204 2494 1379 2528 bekannt
1405 2495 1524 2528 unter
1550 2495 1648 2529 dem·

149 2543 308 2580 Numen
334 2543 436 2580 liber
461 2546 509 2580 de
534 2545 682 2590 causis,
710 2546 911 2592 Freiburg]
938 2548 1052 2591 1882)
1079 2559 1129 2583 ea:
1143 2548 1279 2585 Procli
1296 2549 1518 2585 Elementis
1536 2551 1639 2585 theo-

148 2597 290 2647 logicis
320 2602 536 2644 extractus,
572 2612 622 2637 eae
653 2600 984 2647 interpretatione
1016 2604 1184 2640 arabica
1216 2617 1241 2640 a
1273 2605 1457 2641 Gerardo
1486 2606 1638 2642 Cremo-

147 2654 264 2692 nensi
289 2657 515 2692 translatus
539 2656 597 2693 sie
622 2656 794 2703 incipit:
834 2658 969 2694 Omnis
996 2669 1122 2694 causa
1151 2661 1343 2705 primaria
1376 2662 1463 2706 plus
1492 2668 1551 2696 est
1584 2663 1638 2696 in-

78 2762 79 2765 Ἴ
149 2711 280 2748 nuens
306 2723 427 2759 super
453 2718 661 2749 causatum
688 2724 805 2749 suum
833 2725 952 2760 quam
981 2726 1103 2750 causa
1130 2717 1372 2751 uniuersalis
1399 2718 1589 2752 secunda.
