2002 3302
11 1589 58 1826 &W

25 2787 27 2790 .
43 2753 58 2791 ⁴:

612 285 806 324 DANTIS
832 283 1143 323 MONARCHIA
1169 283 1206 320 11
1232 284 1266 319 6.
1632 280 1680 317 55

184 400 354 450 bonum,
386 399 497 443 sicut
519 396 726 440 exhibitio
748 396 868 438 facta
890 393 945 437 de
977 392 1087 436 male
1116 392 1328 446 acquisito
1351 394 1417 434 est
1440 389 1679 434 elimosina.
1702 403 1754 430 1⁵³

184 468 242 511 Et
272 468 349 523 sic,
382 480 478 510 cum
509 466 552 508 in
585 463 876 521 propositione
908 461 1078 505 dicatur
1109 459 1165 503 de
1197 460 1285 502 fine
1317 458 1420 501 iuris
1452 459 1679 512 existente,

184 549 268 579 non
312 538 478 578 tantum
523 537 772 590 apparente,
818 529 1023 574 instantia
1062 528 1180 571 nulla
1225 532 1303 571 est.
1378 527 1505 570 Patet
1550 526 1681 582 igitur

185 603 300 660 quod
332 603 600 658 querebatur.

256 671 294 714 Τ
326 670 433 725 illud
472 669 586 726 quod
618 674 770 713 natura
802 667 1031 722 ordinauit,
1065 666 1118 710 de
1144 667 1242 709 *iure
1274 670 1486 718 seruatur3
1527 665 1726 708 natura6

286 743 398 786 enim
429 743 473 785 in
505 740 770 798 prouidendo
800 754 884 783 non
917 739 1071 783 deficit
1099 738 1154 781 ab
1187 736 1372 780 hominis
1394 735 1681 792 prouidentia,

185 815 286 870 quia
328 814 365 858 si
403 813 627 866 deficeret,
673 813 854 856 effectus
897 814 1120 867 superaret
1166 822 1339 852 causam
1377 809 1422 850 in
1466 808 1712 861 bonitate33

185 882 298 938 quod
330 886 396 925 est
435 881 714 938 impossibile.
777 879 864 923 Sed
897 893 974 922 nos
1005 877 1215 932 uidemus,
1256 876 1369 932 quod
1410 877 1454 918 in
1486 876 1682 931 collegiis

181 949 456 994 instituendis
486 962 571 992 non
603 949 738 992 solum
770 947 875 992 ordo
898 948 1160 1003 collegarum
1193 945 1249 988 ad
1282 946 1466 1000 inuicem
1489 943 1683 987 conside-

182 1023 301 1063 ratur
323 1019 378 1061 ab
400 1018 662 1068 instituente,
694 1015 771 1060 sed
795 1016 923 1059 etiam
955 1016 1142 1059 facultas
1164 1014 1220 1057 ad
1243 1013 1396 1057 officia
1418 1011 1680 1066 exercenda;
1697 1031 1714 1057 e

184 1086 298 1142 quod
320 1091 384 1130 est
407 1085 678 1130 considerare
702 1085 926 1128 terminum
949 1085 1052 1127 iuris
1074 1084 1116 1126 in
1140 1083 1323 1137 collegio
1346 1082 1414 1124 uel
1446 1082 1489 1124 in
1511 1079 1679 1134 ordine,

184 1168 268 1198 non
301 1155 412 1198 enim
443 1155 509 1197 ius
549 1153 797 1197 extenditur
828 1153 940 1196 ultra
980 1165 1119 1208 posse.
1183 1151 1300 1206 Ergo
1334 1151 1388 1193 ab
1430 1149 1511 1192 hac
1544 1148 1683 1205 proui-

185 1221 330 1265 dentia
367 1226 520 1265 natura
557 1235 640 1264 non
680 1220 830 1264 deficit
870 1221 913 1263 in
951 1221 1039 1263 suis
1077 1219 1300 1263 ordinatis.
1355 1219 1536 1274 Propter
1568 1217 1714 1272 quode

183 1294 307 1347 patet
338 1288 451 1344 quod
484 1293 637 1332 natura
659 1288 919 1332 ordinatres
951 1302 1047 1331 cum
1075 1292 1273 1344 respectu
1297 1300 1468 1330 suarum
1500 1286 1683 1329 faculta-

184 1362 293 1411 tumg
318 1358 390 1412 qui
406 1363 627 1414 respectus
645 1362 710 1400 est
727 1357 1049 1400 fundamentum
1067 1357 1170 1399 iuris
1192 1356 1235 1398 in
1252 1356 1380 1399 rebus
1398 1369 1423 1398 a
1440 1359 1593 1397 natura
1610 1367 1683 1410 po-

185 1426 328 1470 situm.
371 1426 438 1468 Ex
462 1439 544 1480 quo
567 1426 771 1480 sequitur,
805 1425 918 1480 quod
942 1424 1046 1468 ordo
1069 1424 1278 1467 naturalis
1307 1425 1350 1466 in
1374 1424 1499 1467 rebus
1522 1423 1683 1477 absque
1700 1440 1733 1466 12

184 1493 278 1539 iure
294 1495 458 1537 seruari
476 1507 559 1536 non
581 1494 730 1550 possit,
755 1507 851 1536 cum
870 1492 1216 1549 inseparabiliter
1233 1493 1336 1535 iuris
1359 1491 1683 1535 fundamentum

188 1562 327 1606 ordini
368 1563 424 1605 sit
464 1575 691 1605 annexum.
755 1562 942 1605 Necesse
982 1562 1114 1616 igitur
1161 1565 1225 1604 est
1267 1560 1461 1603 ordinem
1501 1560 1555 1603 de
1593 1560 1684 1602 iure

186 1631 362 1674 seruari.
1702 1646 1736 1671 15

305 1699 522 1742 Romanus
539 1698 722 1754 populus
739 1698 794 1741 ad
812 1697 1106 1754 imperandum
1130 1697 1351 1740 ordinatus
1374 1697 1456 1740 fuit
1474 1711 1499 1739 a
1517 1702 1684 1740 natura.

187 1767 242 1809 Et
264 1766 347 1810 hoc
367 1768 431 1810 sic
453 1767 717 1809 declaratur:
741 1766 864 1809 Sicut
880 1766 952 1808 ille
979 1765 1190 1809 deficeret
1208 1766 1262 1809 ab
1280 1767 1386 1809 artis
1404 1765 1684 1821 perfectione,

188 1835 260 1888 qui
291 1834 465 1877 finalem
488 1834 668 1877 formam
701 1839 864 1877 tantum
894 1833 1150 1888 intenderet,
1184 1833 1326 1877 media
1358 1847 1459 1877 uero
1494 1847 1571 1890 per
1603 1847 1685 1888 que
1701 1851 1734 1876 ιε

188 1901 244 1944 ad
282 1902 462 1945 formam
501 1903 779 1958 pertingeret,
821 1917 905 1945 non
944 1907 1125 1955 curaret,
1168 1904 1230 1945 sic
1272 1906 1438 1956 natura,
1482 1903 1517 1945 si
1550 1903 1686 1946 solam

187 1969 367 2012 formam
409 1970 691 2022 uniuersalem
725 1970 870 2013 diuine
903 1970 1193 2014 similitudinis
1234 1972 1277 2012 in
1310 1971 1508 2012 uniuerso
1550 1971 1685 2012 inten-

187 2036 323 2092 deret,
356 2038 498 2081 media
529 2043 670 2081 autem
703 2039 957 2094 negligeret.
1001 2038 1088 2081 Sed
1121 2043 1274 2081 natura
1308 2039 1350 2080 in
1373 2038 1489 2080 nulla
1521 2037 1685 2093 perfec-
1700 2056 1734 2080 21

187 2106 302 2148 tione
335 2105 499 2158 deficit,
534 2121 639 2150 eum.
661 2109 716 2150 sit
748 2121 855 2163 opus
888 2107 1032 2149 diuine
1066 2107 1369 2161 intelligentie;
1410 2119 1512 2160 ergo
1544 2104 1686 2147 media

189 2173 332 2215 omnia
353 2174 549 2228 intendit,
579 2188 654 2230 per
678 2188 760 2229 que
783 2175 839 2217 ad
862 2176 1055 2217 ultimum
1079 2188 1154 2217 sue
1176 2175 1422 2217 intentionis
1445 2173 1684 2217 deuenitur.

309 2290 377 2326 153
404 2291 507 2326 malo
534 2292 612 2326 DP
722 2293 789 2328 155
816 2297 859 2327 tsi
886 2294 1007 2337 EGP,
1034 2297 1168 2328 tamen
1201 2294 1234 2327 T
1318 2304 1417 2339 ergo
1444 2293 1636 2329 AFGHT

305 2346 330 2381 6
354 2347 376 2382 2
402 2349 442 2382 in
470 2349 641 2383 om.DT
734 2349 784 2384 ab
813 2350 918 2384 hom·
947 2360 1061 2394 prou·
1090 2360 1170 2385 non
1198 2350 1344 2385 defecit
1367 2351 1412 2394 B,
1440 2351 1626 2385 —deficit
1651 2350 1686 2384 L

187 2403 211 2438 4
235 2401 304 2439 Set
329 2404 366 2438 Β
462 2406 484 2440 8
511 2405 735 2441 ostenditur
759 2405 834 2439 ΑΕ
939 2407 977 2441 11
1008 2407 1047 2441 in
1075 2407 1197 2443 rebus
1225 2417 1289 2442 om
1315 2406 1390 2441 AE
1477 2417 1501 2441 a
1526 2406 1692 2441 BDMT

190 2457 274 2502 Pie,
301 2463 340 2495 et
367 2460 602 2505 FGHKPV,
630 2472 719 2497 cum
746 2463 791 2506 Α,
818 2473 867 2498 ex
895 2463 940 2506 Ε,
969 2464 1090 2498 etiam
1119 2463 1153 2496 L
1268 2463 1312 2497 12
1338 2464 1378 2497 ἰη
1405 2463 1527 2498 rebus
1554 2474 1628 2498 om.
1647 2463 1687 2497 D

190 2514 235 2550 13
254 2516 577 2560 inseperabiliter
592 2517 630 2551 D
725 2518 906 2563 l4igitur
921 2519 1150 2563 estHPTV‚
1178 2523 1237 2554 est
1256 2519 1532 2564 ig-BGKLW,
1560 2519 1686 2564 igitur

188 2571 235 2614 E,
261 2581 361 2615 ergo
389 2576 448 2606 est
475 2572 553 2616 AF,
580 2576 640 2607 est
666 2583 764 2617 ergo
791 2573 884 2607 DM
971 2575 1152 2610 ordinem
1179 2574 1375 2618 ABFLP,
1402 2575 1510 2620 quod
1538 2579 1686 2609 natura

190 2626 394 2662 ordinauit
408 2627 574 2671 MTFic,
603 2628 699 2673 quid
726 2639 761 2663 n.
782 2639 817 2664 0.
835 2629 885 2672 D,
914 2630 1023 2674 quod
1050 2631 1243 2675 quicquid
1270 2642 1307 2665 n.
1329 2642 1363 2666 o.
1384 2632 1431 2674 K,
1458 2631 1568 2676 quod
1597 2631 1686 2665 ord-

188 2681 233 2718 in
259 2694 411 2718 rasura
437 2684 475 2727 V,
510 2685 714 2719 ordinauit
740 2685 787 2728 Ε,
825 2685 1054 2720 ordinatum
1082 2696 1106 2720 a
1132 2690 1279 2721 natura
1309 2688 1354 2729 G,
1388 2686 1619 2721 ordinatum
1647 2686 1686 2719 Il

192 2739 236 2775 19
262 2741 478 2785 attingeret
497 2741 568 2774 BL
666 2741 712 2775 20
738 2741 925 2776 humilem
948 2741 1015 2776 BL
1112 2742 1155 2777 21
1186 2742 1357 2777 mediam
1380 2742 1506 2776 BLM
