2002 3302
323 238 370 272 62
745 239 938 279 DANTIS
965 242 1274 280 MONARCHIA
1300 245 1336 280 11
1363 246 1396 281 8.

322 345 438 399 Nini,
472 346 719 402 lateantque
742 350 821 392 sub
843 350 1022 393 umbra'.
1086 351 1309 395 Secundus
1326 353 1528 407 Vesoees,
1559 367 1634 398 rex
1651 355 1814 412 Egipti,

268 427 309 453 24
323 412 378 455 ad
412 413 493 457 hoe
526 415 718 458 brauium
746 417 940 473 spirauit‚
974 424 1017 461 et
1040 420 1233 474 quamuis
1255 421 1476 464 meridiem
1499 422 1628 477 atque
1650 428 1815 479 septen-

323 481 503 524 trionem
535 483 578 525 in
600 484 703 526 Asia
735 486 1037 541 exagitauerit,
1070 492 1116 529 ut
1139 487 1315 531 Orosius
1346 495 1566 544 memorat,
1600 504 1814 545 nunquam

322 553 465 592 tamen
498 550 718 595 dimidiam
752 558 918 608 partem
951 555 1065 597 orbis
1098 556 1295 608 obtinuit,
1334 558 1433 611 quin
1472 559 1557 601 imo
1596 573 1623 601 a
1654 558 1815 603 Seithis

267 632 307 658 2⁷
322 617 433 660 inter
465 620 585 672 quasi
618 620 850 663 athlotetas
882 627 925 664 et
958 624 1181 666 terminum
1213 625 1267 667 ab
1295 626 1466 681 incepto
1488 640 1564 669 suo
1586 628 1813 670 temerario

322 690 386 728 est
433 700 620 730 auersus.
685 688 855 731 Deinde
895 689 1033 745 Cyrus
1074 705 1149 733 rex
1189 693 1412 736 Persarum
1451 696 1678 750 temptauit
1717 695 1812 750 hoe,

322 754 392 807 qui
413 754 618 798 Babilone
651 756 870 799 destructa
897 758 1160 813 imperioque
1180 761 1398 804 Babilonis
1430 761 1486 804 ad
1504 762 1658 805 Persas
1679 767 1813 807 trans-

265 837 308 862 ,το
321 821 422 875 lato,
455 836 535 865 nee
568 823 710 867 adhue
742 830 887 880 partes
919 826 1209 871 occidentales
1241 834 1456 884 expertuS,
1489 831 1566 873 sub
1592 830 1812 874 Tamiride

321 890 471 945 regina
488 890 730 934 Seitharum
752 893 884 935 uitam
918 895 1042 937 simul
1074 900 1118 937 et
1150 896 1426 939 intentionem
1450 897 1659 953 deposuit.
1708 899 1812 942 Post

320 958 397 1001 hos
429 972 530 1002 uero
562 960 735 1013 Xerses,
782 961 907 1004 Darii
947 962 1061 1005 filius
1092 968 1135 1006 et
1171 977 1246 1006 rex
1277 965 1319 1006 in
1352 965 1508 1020 Persis,
1557 979 1650 1008 eum
1689 963 1811 1008 tanta

264 1041 305 1067 2³
319 1028 509 1081 gentium
547 1028 817 1071 multitudine
855 1030 1056 1072 mundum
1096 1032 1265 1086 inuasit,
1311 1046 1406 1075 cum
1444 1038 1566 1075 tanta
1602 1034 1809 1088 potentia,

320 1100 366 1136 ut
398 1097 621 1138 transitum
654 1098 783 1140 maris
803 1098 950 1140 Asiam
983 1099 1037 1141 ab
1055 1099 1228 1155 Europa
1253 1099 1491 1142 dirimentis
1522 1101 1632 1143 inter
1647 1101 1811 1154 Sexton
1885 1146 1898 1158 f

320 1168 362 1205 et
394 1163 564 1206 Abidon
597 1170 727 1220 ponte
759 1167 1039 1221 superauerit.
1104 1167 1233 1210 Cuius
1266 1167 1407 1223 operis
1439 1167 1705 1211 admirabilis
1727 1167 1809 1210 Lu·

262 1246 305 1271 :16
321 1245 451 1274 canus
484 1233 526 1274 in
558 1233 745 1275 seeundo
765 1234 958 1276 Farsalie
992 1248 1151 1277 memor
1183 1236 1278 1278 fuit.
1342 1236 1468 1278 Canit
1500 1237 1610 1278 enim
1641 1236 1702 1279 ibi
1725 1236 1807 1279 sie:

438 1299 574 1342 ‘Talis
605 1301 724 1343 fama
757 1303 873 1344 canit
905 1302 1111 1344 tumidum
1144 1317 1272 1359 super
1304 1317 1462 1358 equora
1485 1304 1665 1347 Xersem

438 1370 726 1411 construxisse
759 1371 887 1421 uias’;
1449 1408 1451 1410 ,

260 1451 304 1476 ³9
318 1440 361 1478 et
405 1436 578 1479 tandem
623 1438 923 1481 miserabiliter
961 1440 1015 1481 ab
1058 1439 1228 1495 incepto
1269 1441 1475 1496 repulsus,
1520 1441 1576 1484 ad
1615 1442 1808 1484 brauium

318 1506 541 1559 peruenire
575 1519 656 1547 non
690 1507 842 1561 potuit.
907 1507 1056 1549 Preter
1095 1509 1199 1549 istos
1233 1513 1276 1549 et
1314 1514 1409 1562 post
1446 1508 1693 1551 Alexander
1730 1523 1807 1552 rex

317 1572 496 1615 macedo
530 1573 714 1615 maxime
739 1575 923 1616 omnium
947 1573 1001 1615 ad
1025 1574 1209 1629 palmam
1233 1575 1478 1618 monarchie
1495 1576 1804 1632 propinquans,

255 1654 301 1679 -42
316 1639 416 1682 dum
450 1654 525 1696 per
557 1641 723 1696 legatos
754 1641 809 1683 ad
843 1641 1105 1685 deditionem
1129 1642 1345 1685 Romanos
1377 1648 1655 1698 premoneret,
1688 1645 1804 1700 apud

315 1708 519 1763 Egiptum
551 1714 652 1751 ante
682 1709 970 1752 Romanorum
1009 1711 1340 1765 responsionem,
1384 1716 1431 1753 ut
1462 1711 1612 1754 Liuius
1642 1718 1803 1767 narrat,

432 1814 478 1849 24
503 1816 699 1860 aspirauit
726 1815 923 1860 DEGPT,
948 1816 1053 1860 insp-
1069 1816 1119 1850 M
1235 1816 1281 1851 25
1308 1817 1499 1852 intirsiria
1525 1818 1745 1862 agitauerit
1770 1819 1807 1854 B

312 1869 359 1904 26
385 1871 511 1905 sithiis
542 1870 623 1913 AG,
666 1871 816 1906 stiehiis
842 1872 893 1915 D,
940 1873 1068 1907 seieiis
1084 1873 1130 1915 F,
1171 1874 1295 1908 scitiis
1328 1874 1363 1908 V
1470 1873 1515 1908 27
1542 1874 1713 1910 athletas
1731 1875 1812 1910 DT

310 1926 360 1962 28
385 1927 581 1962 aduersus
607 1927 750 1963 ABEL
761 1928 795 1963 V
887 1938 1028 1973 cyri-us
1054 1929 1125 1963 BL
1135 1929 1174 1971 V,
1201 1927 1315 1964 cirus
1342 1929 1504 1964 DFMP
1608 1929 1655 1965 29
1681 1931 1805 1966 babil-

314 1983 404 2018 lone
429 1983 541 2018 BLV
686 1984 909 2019 transalata
942 1984 975 2019 V
1127 1984 1265 2019 30-31
1296 1990 1429 2029 partes
1448 2005 1484 2010 —
1502 1986 1648 2030 regina
1673 1996 1748 2021 om.
1767 1987 1807 2021 E

312 2039 359 2073 30
385 2039 667 2074 tham-ABLP
848 2040 890 2075 31
920 2040 1169 2075 scultharum
1195 2041 1242 2084 Β,
1273 2040 1501 2085 satha-DM,
1525 2042 1729 2085 scita-FV,
1758 2043 1803 2076 si-

308 2095 479 2131 tha-AG
601 2097 687 2131 uit-a
715 2096 829 2131 FHP
939 2096 991 2141 et]
1019 2107 1107 2132 cum
1135 2098 1217 2131 DK
1328 2098 1550 2132 intentione
1575 2096 1807 2132 ADFHKP

312 2151 359 2185 32
373 2152 412 2186 in
429 2151 573 2196 Persis]
589 2154 685 2197 ipsis
696 2153 735 2187 D
785 2153 869 2187 32—
881 2153 903 2188 3
918 2158 1071 2188 tantam
1086 2163 1130 2198 g·
1145 2153 1440 2188 multitudinem
1455 2154 1492 2188 B
1552 2153 1599 2188 34
1612 2155 1804 2190 transitus

306 2207 418 2242 codd
437 2210 604 2252 praeter
629 2209 707 2242 ΚΤ
807 2209 949 2244 34-36
975 2214 1131 2251 sexton.
1170 2208 1331 2244 Abidon
1359 2210 1621 2254 occupauerit
1647 2209 1697 2245 de
1723 2219 1803 2255 quo

312 2267 435 2308 poeta
462 2265 570 2298 canit
595 2264 766 2299 lucanus
792 2265 875 2299 ini-⁶?
922 2265 1083 2299 farsalie
1114 2266 1183 2300 ubi
1211 2275 1362 2300 memor
1389 2266 1427 2299 D
1547 2265 1593 2300 35
1619 2266 1740 2301 bidon
1774 2267 1810 2301 V

310 2319 454 2354 35-36
481 2324 604 2364 ponte
619 2340 662 2344 —
677 2321 753 2355 fuit
779 2322 851 2356 lac.
870 2321 938 2355 rel.
959 2332 1032 2355 om.
1048 2321 1096 2355 M
1201 2322 1246 2355 35
1274 2328 1395 2370 ponte
1410 2321 1531 2360 PKT,
1558 2323 1718 2366 pontem
1734 2322 1804 2357 AB

312 2375 546 2411 EFGHLV
613 2378 822 2421 superauit
849 2376 970 2412 Cuius
997 2387 1097 2422 opus
1125 2377 1362 2411 admirabile
1385 2376 1422 2410 P
1492 2377 1753 2412 amirabilit-er
1773 2378 1810 2412 V

302 2432 358 2467 36
384 2433 438 2467 ibi
466 2443 539 2468 om,
556 2431 725 2467 DGKM
730 2433 762 2468 V
835 2432 880 2468 37
907 2432 1044 2468 Talem
1070 2432 1157 2467 ΒΗ
1223 2432 1407 2468 timidum
1436 2432 1510 2468 GP
1575 2432 1624 2468 40
1648 2433 1800 2479 Preter]

313 2487 361 2523 Et
388 2494 476 2534 post
501 2489 586 2533 BL,
611 2493 701 2534 post
729 2488 762 2524 G
879 2494 919 2524 et
943 2493 1034 2535 post
1060 2499 1134 2525 om.
1151 2488 1225 2524 GP
1339 2489 1386 2523 42
1412 2494 1621 2534 premonet
1646 2490 1690 2533 K,
1717 2500 1803 2535 pre-

311 2548 544 2580 moneretur
571 2544 654 2588 GV,
681 2549 938 2590 premoueret
964 2546 1003 2579 D
1111 2546 1158 2581 43
1184 2545 1287 2580 luuis
1313 2544 1352 2578 D

431 2633 477 2669 25
506 2635 617 2670 Oros.
637 2636 669 2679 1,
688 2637 745 2669 14.
843 2634 887 2669 27
915 2635 1001 2670 Vox
1019 2634 1212 2670 athloteta
1231 2645 1281 2669 εει)
1298 2632 1418 2670 Arist.
1434 2634 1524 2669 Em.
1539 2636 1571 2677 1,
1585 2634 1619 2677 2,
1634 2633 1764 2668 1095b
1778 2634 1819 2667 1⁵<

302 2691 457 2726 hausta
484 2692 551 2725 est.
714 2691 855 2726 37-38
882 2691 1025 2726 Phar-s.
1043 2690 1077 2733 2,
1095 2691 1251 2726 672—-3.
1419 2690 1466 2725 43
1490 2689 1617 2724 Falco
1643 2689 1799 2724 Dantes
