2002 3302
321 250 364 283 10
707 250 900 286 DANTIS
926 251 1235 287 MONARCHIA
1262 253 1278 287 I
1308 255 1413 288 1—2.

318 361 432 398 tatas
483 357 536 398 ab
591 357 686 399 aliis
731 358 954 401 ostendere
998 360 1214 402 ueritates.
1296 361 1404 404 Nam
1454 375 1574 415 quem
1628 363 1810 407 fructum

318 424 427 466 ferat
476 426 544 467 ille
583 427 654 479 qui
694 425 911 468 theorema
957 427 1171 481 quoddam
1215 429 1407 472 Euclidis
1447 431 1598 473 iterum
1641 431 1812 474 demon-

271 509 303 533 15
318 493 502 537 straret‘?
551 494 622 547 qui
661 495 715 537 ab
750 495 971 537 Aristotile
1003 496 1256 538 felicitatem
1291 502 1504 540 ostensam
1538 499 1851 542 reostendere‘-

319 565 574 605 conaretur?
622 563 691 615 qui
726 568 990 605 senectutem
1023 578 1048 604 a
1081 564 1287 606 Cicerone
1320 565 1539 609 defensam
1580 573 1812 611 resumeret
1847 607 1850 610 .
1898 585 1900 587 ¹

318 630 658 673 defensandam?
723 631 894 673 Nullum
938 633 1118 686 quippc3
1172 633 1247 675 sed
1288 633 1508 676 fastidium
1552 637 1692 690 potius
1737 635 1812 678 illa

318 699 594 753 superfluitas
625 698 791 740 tediosa
824 705 1046 753 prestaret.
1105 700 1295 754 Cumque
1327 701 1437 744 inter
1471 703 1578 745 alias
1610 704 1812 747 ueritates

317 767 507 809 occultas
541 771 582 808 et
615 767 740 808 utiles
774 767 1022 822 temporalis
1055 768 1299 811 monarchie
1332 771 1483 812 notitia
1505 772 1730 814 utilissima
1755 773 1813 814 sit

317 839 359 876 et
392 834 574 875 maxime
616 835 765 886 latens,
815 841 856 876 ct
896 842 1070 890 propter
1102 850 1185 878 non
1219 851 1264 879 se
1299 837 1456 891 hahere
1489 838 1722 882 inmediate
1754 839 1810 882 ad

267 918 298 942 21
318 903 477 944 lucrum
521 903 574 943 ab
615 903 808 944 omnihus
846 904 1115 959 intemptata,
1164 905 1204 945 in
1254 906 1471 961 proposito
1510 912 1574 949 est
1613 907 1724 950 hanc
1755 907 1810 950 de

316 971 403 1013 suis
436 970 662 1012 enucleare
695 970 894 1023 latibulis,
945 978 1031 1013 tum
1072 977 1117 1013 ut
1158 973 1316 1015 utiliter
1354 974 1511 1017 mundo
1544 976 1807 1030 peruigilem,

316 1044 402 1081 tum
437 1039 563 1080 etiam
598 1044 644 1080 ut
676 1039 861 1094 palmam
895 1041 999 1081 tanti
1034 1041 1170 1082 brauii
1205 1042 1364 1096 primus
1395 1043 1437 1083 in
1471 1056 1605 1085 meam
1629 1044 1808 1099 gloriam

268 1123 301 1147 24
317 1107 546 1162 adipiscar.
605 1107 793 1149 Arduum
838 1109 994 1163 quippe
1036 1122 1142 1164 opus
1181 1116 1222 1151 ct
1265 1110 1376 1152 ultra
1417 1104 1528 1153 uires
1566 1111 1833 1166 aggrediors

316 1189 398 1217 non
432 1181 517 1216 tam
552 1174 605 1216 de
636 1176 807 1230 propria
841 1177 995 1218 uirtute
1031 1176 1268 1229 confidens,
1303 1191 1428 1231 quam
1461 1178 1516 1220 de
1545 1179 1700 1222 lumine
1731 1180 1810 1223 lar-

316 1244 467 1298 gitoris
500 1243 613 1286 illius
645 1243 728 1297 ‘qui
763 1243 838 1284 dat
862 1244 1055 1286 omnihus
1088 1244 1317 1288 affluenter
1340 1250 1383 1287 et
1415 1260 1497 1288 non
1519 1247 1808 1303 improperat'.

274 1311 549 1417 2PRimum
580 1311 750 1364 quidem
782 1312 909 1367 igitur
937 1311 1180 1361 uidendum,
1215 1313 1315 1367 quid
1341 1319 1404 1356 est
1428 1314 1539 1368 quod
1563 1315 1810 1370 temporalis

402 1382 651 1424 monarchia
683 1381 851 1434 dicitur,
887 1388 990 1438 typo
1015 1389 1060 1425 ut
1084 1383 1236 1437 dicam,
1272 1390 1314 1426 ct
1346 1385 1578 1428 seeundum
1611 1386 1809 1429 intentio-

285 1466 425 1495 snem.
491 1453 566 1494 Est
599 1467 701 1507 ergo
735 1454 981 1508 temporalis
1021 1455 1281 1508 monarchia,
1331 1469 1456 1510 quam
1495 1456 1646 1499 ‘dieunt
1677 1458 1807 1513 impc-

315 1523 436 1574 rium,
477 1522 624 1563 unicus
658 1521 922 1576 principatus
955 1527 997 1564 et
1030 1536 1157 1578 super
1189 1537 1335 1566 omnes
1367 1525 1408 1565 in
1442 1529 1633 1581 tempore
1665 1525 1731 1567 uel
1765 1526 1807 1568 in

317 1590 398 1631 hiis
420 1595 461 1631 ct
494 1602 620 1644 super
654 1589 733 1630 hiis
767 1603 847 1642 que
878 1595 1068 1645 tempore
1098 1596 1407 1633 mensurantur.
1449 1592 1643 1634 Maxime
1665 1597 1806 1635 autem

284 1658 369 1700 ede
409 1658 490 1699 hac
530 1659 610 1699 tria
652 1658 845 1699 dubitata
879 1664 1121 1711 queruntur.
1187 1653 1327 1701 Primo
1366 1673 1548 1714 namque
1590 1660 1814 1704 dubitatur

316 1731 357 1768 et
391 1727 592 1779 queritur,
626 1740 677 1767 an
711 1725 766 1767 ad
801 1726 907 1768 benc
941 1740 1032 1768 csse
1057 1727 1199 1768 mundi
1223 1729 1465 1770 necessaria
1487 1729 1553 1770 sit.
1609 1728 1807 1771 Secundo

315 1809 369 1837 an
409 1808 604 1836 romanus
646 1794 826 1849 populus
860 1794 913 1836 de
946 1796 1034 1836 iure
1069 1795 1297 1838 monarche
1330 1796 1522 1838 officium
1556 1797 1637 1840 sibi
1671 1796 1808 1840 adsci-

284 1864 436 1904 ouerit.
502 1863 555 1904 Et
597 1864 721 1904 tertio
761 1877 813 1904 an
857 1864 1090 1905 auctoritas
1133 1864 1360 1906 monarche
1393 1864 1636 1920 dependeat
1668 1879 1694 1907 a
1726 1864 1807 1908 deo

316 1931 545 1973 inmediate
579 1931 646 1973 uel
680 1933 733 1972 ab
767 1931 910 1984 aliquo
945 1931 1014 1973 (lei
1048 1932 1238 1974 ministro
1273 1946 1345 1974 seu
1379 1933 1554 1974 uicario.

387 2071 430 2104 14
458 2072 558 2104 ferat
587 2080 660 2104 om.
690 2068 843 2104 codices
871 2071 910 2104 K
1039 2071 1082 2104 17
1111 2071 1406 2105 defendendam
1436 2071 1508 2106 FG
1614 2070 1655 2106 21
1687 2071 1806 2106 homi-

315 2128 433 2161 nihus
456 2128 487 2161 V
533 2128 686 2161 intenta
715 2127 756 2168 P.
785 2127 1009 2162 indiscussa
1036 2128 1079 2161 H
1147 2127 1193 2161 22
1219 2127 1458 2172 prouigilcm
1487 2127 1602 2162 KTV
1694 2127 1740 2161 ‘23
1765 2128 1806 2162 in

315 2194 389 2218 om.
420 2183 496 2218 GV
583 2193 668 2217 eam
699 2182 804 2217 ?EF
907 2184 952 2218 ‘24
984 2184 1145 2228 quidem
1181 2184 1491 2226 BEFGHLPV,
1535 2183 1739 2229 quoddam
1771 2184 1812 2218 K

315 2240 506 2283 agredior
526 2239 643 2274 ΒΗΓ
735 2239 781 2273 95
807 2240 1006 2284 larg-itatis
1027 2241 1080 2283 M,
1108 2241 1244 2275 -tionis
1270 2241 1304 2275 V
1395 2240 1440 2274 96
1466 2240 1573 2275 illius
1599 2250 1674 2275 om.
1688 2239 1810 2275 HMP

432 2294 454 2328 2
484 2297 497 2328 1
521 2296 680 2340 quidem
708 2306 782 2330 om.
801 2297 967 2331 EFHM
983 2297 1060 2331 edd
1150 2296 1172 2330 2
1198 2298 1280 2341 tipo
1302 2296 1505 2331 ADFHM
1561 2297 1584 2331 3
1603 2298 1719 2340 quem
1737 2295 1812 2331 AT

314 2351 335 2385 4
363 2352 524 2385 unicum
553 2352 634 2391 AT,
662 2353 783 2386 unius
813 2352 898 2392 GK,
923 2353 1061 2387 unitus
1084 2353 1115 2386 V
1211 2353 1232 2387 5
1259 2356 1393 2387 autem
1422 2363 1486 2387 om
1516 2351 1590 2387 FG
1689 2351 1711 2385 6
1737 2351 1805 2386 du-

315 2408 382 2441 bia
407 2407 504 2449 DM,
545 2408 768 2442 dubitanda
789 2408 831 2443 G
952 2409 974 2442 8
1007 2409 1239 2442 monarchic
1272 2407 1669 2443 AFGHMPVWFic
1729 2407 1805 2442 sibi

315 2473 389 2497 om.
410 2464 456 2506 B,
489 2464 613 2505 igitur
644 2463 678 2496 P
798 2464 819 2498 9
847 2464 893 2498 Et
921 2475 994 2499 om.
1013 2464 1174 2499 AGMT
1290 2465 1522 2499 monarchie
1548 2464 1738 2500 EFGHP

321 2520 363 2553 10
390 2520 467 2554 alio
495 2520 599 2554 codd
625 2521 714 2563 edd,
743 2521 793 2554 da
820 2521 964 2555 alcuno
992 2522 1065 2556 Fa‘c

438 2642 478 2675 15
505 2653 532 2676 e.
551 2653 588 2686 ς).
609 2641 650 2676 in
669 2642 826 2678 Ethicis
846 2645 900 2678 ad
917 2644 1143 2678 Eudemum
1164 2646 1196 2683 1,
1215 2646 1238 2677 4
1252 2653 1310 2688 sq.
1397 2643 1442 2677 23
1468 2643 1520 2687 cf.
1540 2645 1572 2676 1.
1592 2642 1678 2678 Cor.
1693 2642 1728 2685 9,
1746 2642 1810 2676 24:

316 2699 363 2732 26
390 2699 469 2732 Iac.
491 2702 522 2739 1,
540 2701 574 2732 5.
