2002 3302
506 270 702 311 DANTIS
732 268 1045 310 MONARCHIA
1069 270 1128 308 111
1155 270 1210 308 10.
1560 268 1606 307 97

111 384 260 427 finitas
307 382 546 426 decisiones
598 386 849 436 assumatur,
907 385 1155 436 sequeretur
1203 379 1316 435 quod
1364 379 1605 423 iurisdictio
1624 394 1659 420 ss

112 452 251 508 prima
282 455 428 507 posset
461 450 730 504 annichilari,
763 449 877 505 quod
911 455 975 492 est
1007 449 1314 493 irrationabile.

233 519 401 573 Adhuc,
442 533 534 562 cum
567 520 790 562 conferens
832 519 989 561 habeat
1029 532 1075 561 se
1107 532 1185 574 per
1218 517 1387 561 modum
1421 518 1604 572 agentis,

114 594 158 632 et
189 590 257 632 cui
290 588 508 632 confertur
540 601 616 644 per
649 580 818 630 modum
846 587 1063 643 patientis,
1099 591 1144 630 ut
1167 587 1311 642 placet
1334 585 1604 642 phylosopho
1618 600 1653 626 se

114 659 156 700 in
189 667 340 712 quarto
378 656 434 700 ad
466 657 759 711 Nicomacum,
807 670 890 699 non
929 656 1065 699 solum
1102 655 1158 698 ad
1198 655 1470 698 collationem
1512 668 1605 698 esse

114 726 275 769 licitam
310 727 535 780 requiritur
566 725 789 781 dispositio
823 725 1095 776 conferentis,
1128 723 1203 768 sed
1243 726 1372 767 etiam
1412 725 1503 767 eius
1537 724 1605 766 cui

113 795 352 848 confertur-3
393 793 564 836 uidetur
595 796 708 837 enim
742 795 783 836 in
818 795 1008 849 patiente
1041 794 1249 850 disposito
1291 799 1413 836 actus
1445 793 1654 836 actiuo-69

113 877 204 907 rum
235 865 387 906 inesse.
451 862 536 905 Sed
571 864 754 922 ecclesia
788 864 958 906 omnino
990 862 1245 918 indisposita
1284 867 1375 905 erat
1414 861 1470 905 ad
1502 867 1605 904 tem-

113 931 278 988 poralia
325 930 572 987 recipienda
609 945 684 987 per
723 937 969 987 preceptum
1004 931 1309 987 prohibitiuum
1343 944 1605 987 expressum,

113 1005 158 1042 ut
191 999 394 1050 habemus
425 1013 502 1056 per
536 1000 751 1042 Matheum
784 1001 866 1043 sic:
914 999 1072 1044 ‘Nolite
1106 999 1324 1056 possidere
1357 1013 1503 1042 aurum
1538 1013 1606 1042 ne·
1623 1017 1657 1044 τε

113 1081 196 1123 que
227 1072 449 1123 argentum
482 1081 618 1122 neque
652 1070 875 1124 pecuniam
908 1070 951 1111 in
983 1070 1099 1112 zonis
1132 1071 1298 1122 uestris,
1344 1083 1426 1111 non
1460 1082 1606 1124 peram

113 1137 155 1178 in
199 1135 285 1179 uia’
328 1142 410 1179 etc.
473 1137 582 1180 Nam
623 1138 701 1180 etsi
734 1151 809 1194 per
842 1138 1002 1181 Lucam
1050 1138 1254 1181 habemus
1298 1131 1607 1180 relaxationem

114 1206 320 1261 precepti,
366 1205 408 1247 in
448 1211 650 1260 quantum
677 1206 732 1249 ad
778 1207 975 1261 quedam,
1020 1207 1074 1250 ad
1122 1207 1430 1263 possessionem
1465 1212 1607 1249 tamen
1625 1224 1658 1250 '15

115 1274 207 1316 auri
252 1279 294 1316 et
338 1274 506 1328 argenti
552 1274 813 1318 licentiat-am
858 1276 1084 1318 ecclesiam
1133 1281 1229 1331 post
1277 1275 1606 1331 prohibitionem

115 1342 231 1385 illam
271 1343 460 1385 inuenire
499 1357 582 1385 non
627 1344 758 1399 potui.
822 1343 964 1395 Quare
1001 1345 1036 1387 si
1078 1345 1260 1400 ecclesia
1303 1345 1492 1400 recipere
1525 1358 1608 1386 non

117 1415 300 1466 poterat,
334 1410 434 1453 dato
464 1411 576 1465 quod
611 1412 914 1455 Constantinus
948 1413 1027 1456 hoc
1061 1414 1202 1455 facere
1237 1414 1445 1468 potuisset
1467 1412 1520 1455 de
1549 1426 1658 1465 sens

119 1479 233 1522 actio
265 1484 407 1522 tamen
440 1480 514 1522 illa
545 1494 626 1522 non
661 1487 752 1523 erat
784 1482 999 1536 possibilis
1032 1486 1205 1537 propter
1242 1483 1446 1537 patientis
1482 1481 1611 1524 indis-

116 1547 383 1602 positionem.
448 1549 573 1590 Patet
617 1549 746 1603 igitur
791 1549 901 1602 quod
948 1563 1026 1592 nec
1071 1550 1252 1593 ecclesia
1298 1551 1488 1606 recipere
1535 1565 1611 1606 per

116 1613 286 1657 modum
335 1617 626 1671 possessionis,
680 1631 760 1660 nec
801 1618 871 1659 ille
914 1619 1110 1661 conferre
1159 1632 1235 1674 per
1288 1619 1456 1661 modum
1508 1619 1608 1661 alie·
1624 1635 1654 1660 ει

114 1683 300 1726 nationis
331 1689 513 1739 poterat.
580 1685 752 1728 Poterat
791 1692 932 1729 tamen
976 1687 1280 1743 imperatorin
1322 1689 1607 1743 patrocinium

116 1751 297 1793 ecclesie
337 1753 637 1806 patrimonium
679 1759 721 1795 et
759 1754 844 1797 alia
877 1754 1100 1810 deputare,
1146 1757 1306 1798 inmoto
1346 1770 1513 1813 semper
1545 1771 1609 1800 su-

115 1818 270 1872 periori
303 1817 490 1862 dominio
514 1821 632 1863 euius
655 1823 794 1864 unitas
817 1821 1069 1866 diuisionem
1095 1838 1177 1866 non
1202 1826 1374 1880 patitur.
1430 1826 1606 1869 Poterat
1622 1843 1657 1868 84

233 1985 278 2020 63
305 1986 543 2022 absumatur
567 1989 616 2023 W
695 1989 740 2024 64
768 1991 931 2035 propria
959 1991 1031 2026 GL
1126 1996 1185 2027 est
1211 2003 1286 2027 om.
1303 1992 1411 2028 AFG
1494 1993 1539 2028 65
1565 2004 1608 2029 se

115 2040 263 2078 habeat
277 2041 373 2085 ΒΜ
390 2054 433 2078 se
448 2044 569 2079 habet.
584 2046 622 2079 F
669 2046 784 2080 65-45
801 2050 961 2091 agentis
974 2049 1186 2083 —modum
1206 2059 1279 2083 om.
1296 2050 1340 2084 H
1388 2050 1432 2084 67
1449 2053 1606 2095 quarto]

115 2097 176 2132 his
202 2108 281 2143 que
307 2099 399 2134 DM
473 2101 728 2136 collutionem
749 2104 798 2145 H,
827 2104 1071 2140 collect-PV
1161 2106 1206 2138 69
1232 2106 1425 2141 uidentur
1452 2106 1613 2142 BMPV

116 2154 294 2198 patiente
321 2155 722 2200 disp-DFGLMFa‘c,
762 2161 942 2203 patiente
970 2166 1010 2195 et
1035 2161 1136 2206 disp·
1151 2162 1407 2200 ABHKPTV
1476 2164 1607 2209 dispo·-

117 2209 208 2244 sitio
236 2210 394 2254 ADMP
500 2213 540 2247 71
574 2214 815 2258 prohibitum
843 2216 962 2250 ΑΓΗ
1031 2228 1220 2263 expresse
1239 2219 1369 2254 DGM
1478 2220 1523 2254 7⁶2
1551 2222 1607 2255 sic

117 2276 192 2301 om.
207 2266 288 2301 DF
357 2277 500 2302 aurum
530 2280 602 2304 nee
627 2270 784 2307 ADGV
864 2273 908 2308 73
936 2284 1008 2308 nec
1036 2286 1126 2319 pec·
1142 2276 1222 2312 EV
1300 2276 1345 2311 74
1371 2277 1606 2312 relationem

115 2322 229 2358 EFP
275 2324 320 2359 75
339 2325 510 2369 quedam
528 2325 592 2370 ad]
615 2328 816 2372 quandam
833 2329 949 2365 AGH
996 2331 1040 2366 76
1057 2332 1258 2367 licentiam
1272 2333 1347 2368 BG
1397 2334 1442 2369 77
1457 2334 1607 2380 Quare]

117 2379 212 2423 quia
237 2381 318 2416 EV
385 2382 430 2417 79
451 2384 646 2427 possibilis
665 2385 716 2419 ad
736 2387 1011 2431 recipiendum
1031 2395 1196 2433 propter
1213 2390 1301 2424 DM
1373 2391 1515 2426 79—80
1534 2392 1607 2426 dis·

118 2436 355 2480 positionem
382 2438 456 2472 FP
501 2439 548 2474 80
574 2451 672 2485 ergo
700 2442 776 2476 FT
821 2441 867 2477 82
894 2447 1053 2488 poterat
1071 2455 1145 2479 om.
1163 2444 1236 2480 GP
1288 2446 1334 2480 84
1354 2446 1515 2482 domino
1535 2448 1614 2482 ΑΗ

235 2549 280 2586 67
307 2549 429 2586 Arist.
445 2554 535 2588 Eth.
550 2557 582 2595 4,
610 2557 641 2597 1,
669 2557 796 2591 112οα
824 2559 870 2592 14
896 2557 982 2593 Non
1002 2559 1299 2595 inmanifestum
1321 2562 1511 2605 quoniam
1540 2562 1606 2596 da·

117 2606 266 2641 tionem
296 2608 455 2652 quidem
484 2611 666 2654 sequitur
693 2613 794 2647 bene.
813 2614 946 2648 faeere
966 2619 1004 2648 et
1025 2615 1126 2649 bene
1146 2617 1317 2660 operari,
1337 2618 1605 2661 sumptionem

117 2667 252 2698 autem
281 2665 382 2699 bene
411 2667 492 2710 pati
521 2667 583 2702 vel
610 2678 690 2702 non
710 2674 827 2714 turpe
846 2670 1018 2714 operari.
1093 2671 1210 2705 72—4
1229 2672 1372 2707 Matth.
1393 2674 1451 2716 10,
1471 2673 1605 2708 9-10,

116 2718 163 2755 74
187 2719 283 2756 Luc.
310 2721 347 2764 9,
363 2724 412 2765 3‚·
435 2723 494 2764 10,
512 2726 547 2758 4.

187 2787 307 2817 Dantis
327 2789 368 2818 de
387 2790 593 2819 monarchia..
1371 2784 1392 2820 7
