2002 3302
350 232 398 266 34
768 228 964 265 DANTIS
991 228 1302 265 MONARCHIA
1327 229 1347 264 I
1374 197 1439 265 15.-

350 340 517 381 bonum.
582 329 638 379 Et
671 341 829 391 quanto
862 336 1025 391 aliquid
1058 350 1084 378 a
1115 337 1299 380 maxime
1323 341 1420 380 ente
1451 338 1690 393 elongatur,
1720 343 1841 386 tanto

317 421 334 445 e
349 411 391 449 et
423 407 478 448 ab
503 419 596 449 esse
620 419 759 455 unum,
795 410 838 448 et
860 419 937 461 per
960 418 1224 459 consequens
1246 406 1300 447 ab
1324 419 1416 448 esse
1439 406 1608 450 bonum.
1630 402 1633 405 ’
1661 407 1843 462 Propter

349 474 463 535 quod
507 475 551 516 in
596 475 709 516 omni
754 487 912 528 genere
956 487 1095 516 rerum
1133 466 1240 515 illud
1283 477 1348 516 est
1386 474 1591 529 optimum
1633 473 1751 528 quod·
1783 478 1849 518 est

349 542 534 584 maxime
567 555 710 596 unum,
743 546 790 584 ut
821 541 1093 598 phylosopho
1126 541 1269 597 placet
1300 542 1343 583 in
1377 541 1457 584 hiis
1490 555 1571 596 que
1603 542 1657 584 de
1689 543 1849 599 simpli·

316 611 458 654 9citer
492 615 602 653 ente.
667 609 790 652 Vnde
835 610 888 651 fit
927 609 1043 663 quod
1084 623 1212 652 unum
1252 623 1344 652 esse
1388 609 1556 653 uidetur
1593 624 1687 654 esse
1719 610 1846 654 radix

346 680 435 722 eius
467 679 581 732 quod
614 683 678 720 est
712 691 804 721 esse
841 679 1009 730 bonum,
1043 682 1085 720 et
1117 678 1250 719 multa
1283 691 1376 720 esse
1409 678 1500 721 eius
1527 679 1640 732 quod
1662 683 1846 722 estesse

346 748 516 790 malum.
583 746 724 797 Quare
758 747 985 800 Pitagoras
1024 747 1067 787 in
1108 746 1461 796 correlationibus
1502 746 1591 790 suis
1632 760 1687 790 ex
1726 750 1849 802 parte

289 830 323 855 ιε
346 816 447 859 boni
490 816 678 871 ponebat
719 828 861 869 unum,
911 828 965 857 ex
997 819 1120 870 parte
1155 827 1256 857 uero
1289 815 1391 857 mali
1422 814 1602 871 plurale,
1650 818 1697 857 ut
1727 818 1850 871 patet

344 884 387 926 in
428 885 562 939 primo
605 896 749 925 eorum
791 895 873 936 que
912 882 966 925 de
1005 883 1256 938 simpliciter
1288 886 1398 925 ente.
1462 883 1574 925 Hinc
1606 883 1743 925 uideri
1776 894 1848 939 po-

344 957 427 995 test
469 951 582 1005 quod
624 964 807 1007 peccare
849 950 983 993 nichil
1028 955 1093 993 est
1134 950 1251 992 aliud
1285 964 1411 1004 quam
1444 949 1645 1006 progredi
1678 951 1732 992 ab
1764 963 1848 992 uno

290 1034 322 1059 15
344 1025 486 1075 spreto
521 1019 576 1061 ad
610 1019 765 1071 multa;
822 1018 935 1072 quod
975 1018 1145 1073 quidem
1194 1019 1414 1074 psalmista
1451 1018 1629 1061 uidebat
1675 1018 1843 1061 dicens:
1873 1069 1880 1074 .

340 1090 398 1139 ,Ἀ
433 1088 576 1130 fructu
610 1088 811 1129 frumenti
845 1087 933 1129 uini
966 1091 1008 1129 et
1042 1087 1126 1129 olei
1161 1086 1432 1141 multiplicati
1464 1087 1590 1135 sunt'.

465 1156 643 1199 Constat
685 1157 816 1210 igitur
861 1155 974 1209 quod
1018 1168 1142 1197 omne
1184 1154 1298 1208 quod
1338 1159 1403 1197 est
1440 1154 1610 1204 bonum,
1652 1167 1728 1209 per
1766 1152 1848 1196 hoc

290 1238 324 1264 18
344 1230 408 1268 est
448 1225 603 1267 bonum
649 1223 763 1277 quod
804 1225 848 1265 in
891 1237 974 1265 uno
1015 1223 1225 1266 consistit.
1289 1223 1346 1264 Et
1380 1236 1474 1264 cum
1515 1221 1758 1276 concordia,
1805 1222 1851 1264 in

345 1298 550 1347 quantum
595 1291 850 1344 huiusmodi,
901 1293 955 1333 sit
990 1290 1207 1345 quoddam
1251 1291 1422 1344 bonum,
1472 1290 1743 1332 manifestum
1785 1294 1850 1332 est

345 1363 481 1417 ipsam
516 1361 749 1404 consistere
781 1361 823 1402 in
859 1360 1002 1414 aliquo
1035 1373 1133 1414 uno,
1167 1364 1372 1413 tanquam
1404 1359 1447 1400 in
1486 1358 1659 1414 propria
1689 1356 1848 1400 radice.

295 1429 438 1480 21Que
472 1428 644 1483 quidem
679 1428 804 1470 radix
837 1429 1078 1484 apparebit,
1118 1429 1153 1470 si
1186 1434 1339 1470 natura
1370 1427 1439 1469 uel
1471 1424 1581 1470 ratio
1615 1424 1843 1469 concordie

346 1502 547 1540 sumatur.
612 1497 690 1539 Est
724 1498 835 1538 enim
868 1496 1099 1538 concordia
1131 1495 1353 1537 uniformis
1385 1499 1524 1538 motus
1556 1494 1740 1549 plurium
1778 1506 1856 1541 uo-v

466 1589 487 1623 5
516 1588 689 1622 maximo
709 1587 815 1622 codd
835 1586 914 1621 edd
985 1587 1007 1620 8
1034 1586 1204 1630 simplici
1223 1585 1376 1620 ABHT
1443 1585 1489 1619 10
1515 1586 1577 1619 est
1594 1584 1746 1619 bonum
1769 1582 1858 1619 GM

359 1645 400 1680 11
429 1645 564 1686 Quare
590 1642 823 1687 AFTVFie,
852 1642 955 1683 Quia
981 1642 1335 1678 BDEGHKLMP
1434 1639 1670 1687 pictagoras
1695 1640 1855 1676 DEFH

351 1701 395 1736 12
421 1701 584 1746 plurare
612 1699 661 1742 D,
690 1699 807 1744 plura
834 1698 1063 1740 BGLTedd
1179 1698 1223 1732 13
1249 1697 1418 1742 Simplici
1444 1696 1648 1739 ABHLT,
1703 1695 1850 1741 uideri]

278 1755 281 1757 ’
348 1759 468 1794 etiam
489 1757 623 1801 colligi
637 1756 677 1790 D
751 1756 796 1790 14
814 1755 923 1790 aliud
940 1759 998 1789 est
1014 1755 1172 1791 ADFV
1241 1755 1286 1789 15
1306 1755 1511 1799 psalmista
1525 1763 1600 1788 om.
1612 1754 1654 1796 V,
1671 1753 1718 1798 p‘s'
1738 1753 1852 1788 BHL

348 1815 394 1850 16
420 1815 495 1849 olei
523 1814 586 1849 sui
613 1813 724 1847 DEG
848 1812 891 1846 17
920 1821 1019 1856 ergo
1039 1811 1193 1846 AGHT
1262 1812 1411 1846 bonum
1440 1814 1499 1844 est
1514 1809 1592 1845 GV
1709 1810 1753 1844 18
1778 1807 1852 1852 est]

349 1877 436 1908 esse
451 1866 524 1901 EG
601 1876 691 1900 cum
708 1875 782 1900 om.
798 1864 910 1899 ABT
983 1865 1024 1899 19
1044 1865 1150 1899 modi
1167 1874 1242 1899 om.
1258 1863 1519 1899 BEFLPTV
1586 1863 1762 1908 quodam
1781 1861 1859 1897 AV

349 1921 395 1956 20
421 1920 504 1965 ipffi
519 1920 633 1954 BLP
736 1919 782 1952 22
808 1920 1062 1953 summantur
1079 1917 1131 1962 D,
1157 1917 1482 1952 assummaturE
1570 1915 1752 1950 informis
1778 1914 1856 1949 ΗΡ

468 2000 490 2035 8
508 1997 631 2034 Arist.
647 1998 822 2042 Metaph.
839 1999 872 2041 1,
882 1999 913 2032 1.
988 1998 1129 2031 11—13
1149 1997 1272 2032 Arist.
1287 1996 1463 2040 Metaph.
1481 1997 1514 2039 1,
1528 1996 1563 2039 5,
1576 1995 1684 2030 986a
1697 1993 1849 2028 23-.27

349 2055 586 2099 (translatio
618 2052 913 2099 macco-latina
946 2064 1050 2099 quae
1084 2052 1233 2098 leyitur
1265 2051 1309 2087 in
1335 2050 1477 2087 multis
1504 2048 1728 2092 codicibus,
1766 2059 1795 2084 e.
1813 2059 1852 2094 9.

350 2113 512 2157 Erfurt.
532 2112 716 2156 Amplon.
736 2111 821 2145 Fol.
841 2110 903 2153 20,
925 2110 1082 2144 alonae.
1103 2110 1171 2144 lat.
1191 2109 1274 2151 162,
1301 2106 1436 2143 Paris.
1456 2107 1525 2141 lat.
1544 2106 1678 2148 14719)
1704 2105 1853 2142 Eorum

350 2174 486 2204 autem
513 2169 581 2203 alii
609 2167 747 2202 decem
775 2167 915 2201 dicunt
941 2176 1029 2201 esse
1062 2166 1264 2210 principia
1292 2164 1357 2199 vel
1391 2163 1658 2198 correlatione
1682 2156 1853 2195 indicta:

350 2225 509 2259 finitum
529 2228 567 2258 et
586 2224 801 2266 infinitum,
827 2224 958 2268 impar
979 2233 1062 2267 par,
1089 2232 1216 2256 unum
1237 2220 1406 2266 plurale,
1430 2220 1618 2254 dextrum
1638 2218 1853 2260 sinistrum,

351 2281 615 2315 masculinum
636 2280 885 2321 femininum,
913 2279 1129 2322 quiescens
1149 2282 1316 2318 motum,
1340 2281 1494 2311 rectum
1513 2284 1697 2314 curuum,
1722 2272 1854 2306 lucem

351 2337 552 2378 tenebras,
593 2337 744 2370 bonum
784 2336 944 2377 malum,
987 2333 1322 2378 quadrangulare
1360 2331 1522 2375 longius
1559 2330 1686 2364 altera
1726 2330 1852 2372 parte.

354 2393 398 2427 16
425 2394 490 2427 Ps.
508 2395 543 2434 4,
561 2394 596 2427 8.
687 2391 733 2425 22
759 2391 812 2436 cf'.
838 2391 1015 2425 Thomae
1034 2387 1258 2434 Aquinatis
1278 2387 1490 2422 Summam
1515 2382 1738 2430 theologiae
1763 2382 1801 2424 2,
1819 2382 1855 2424 2,

352 2460 418 2495 qu.
434 2448 497 2492 29,
512 2450 590 2484 α.1.
631 2447 856 2483 Concordia
871 2451 930 2481 est
950 2445 1150 2491 quaedam
1168 2445 1265 2479 unio
1281 2443 1537 2478 voluntatum
1555 2468 1562 2475 .
1579 2467 1586 2475 .
1602 2467 1611 2476 .
1627 2438 1855 2476 Concordia
1902 2453 1905 2454 ⁷
1923 2452 1934 2458 ’

353 2506 513 2551 proprie
531 2508 691 2549 sumpta
711 2508 770 2538 est
789 2503 842 2537 ad
857 2502 1046 2537 alterum:
1066 2502 1306 2546 inquantum
1325 2499 1477 2533 scilicet
1497 2498 1749 2532 diversorum
1769 2504 1854 2530 cor-

354 2562 463 2596 dium
490 2561 718 2595 voluntates
741 2559 858 2594 simul
882 2560 922 2593 in
951 2568 1078 2592 unum
1102 2566 1343 2592 consensum
1369 2555 1617 2590 conveniunt
1641 2579 1650 2588 .
1669 2579 1677 2587 .
1697 2578 1704 2586 .
1733 2549 1850 2587 Unde

353 2617 573 2653 concordia
598 2617 787 2661 importat
813 2615 1005 2650 unionem
1026 2614 1278 2658 appetituum
1299 2612 1552 2646 diversorum
1573 2607 1852 2655 appetentium

353 2674 506 2719 (Opera
525 2672 642 2708 iussu
660 2670 809 2707 Leonis
828 2671 937 2718 XIII
954 2671 996 2705 P.
1017 2670 1072 2704 M.
1092 2668 1202 2704 edita
1217 2670 1242 2703 t.
1260 2670 1294 2712 8,
1322 2668 1481 2703 Romae*
1493 2666 1600 2708 1895,
1625 2674 1665 2708 p.
1683 2662 1785 2705 236).
1801 2659 1806 2663 ’
