2002 3302
1888 143 1893 155 «¹
1995 145 2002 159 1

369 245 415 280 72
779 241 972 278 DANTIS
997 240 1306 278 MONARCHIA
1332 241 1370 276 11
1397 241 1453 277 12.
1988 191 2002 275 d÷

311 369 345 394 12
359 352 546 394 filiorum
580 365 656 407 per
688 352 829 394 Iesum
863 349 1077 393 Christum
1099 350 1141 391 in
1163 350 1301 404 ipsum
1326 348 1559 391 secundum
1588 349 1852 404 propositum

358 420 590 463 uoluntatis
629 433 716 470 sue,
765 419 808 461 in
850 418 1019 461 laudem
1059 422 1102 460 et
1146 418 1325 472 gloriam
1371 417 1510 472 gratie
1553 414 1642 470 sue,
1689 416 1733 458 in
1772 429 1856 470 qua

358 488 626 542 gratificauit
657 501 735 530 nos
766 488 809 528 in
843 486 1002 528 dilecto
1027 485 1119 527 filio
1142 499 1232 539 suo,
1265 486 1309 526 in
1332 498 1415 539 quo
1438 484 1644 527 habemus
1665 483 1858 539 redemp-

312 572 346 598 15
360 557 516 598 tionem
549 569 625 611 per
657 556 906 609 sanguinem
933 555 1036 607 eius,
1070 554 1361 596 remissionem
1389 557 1678 608 peccatorum,
1711 564 1858 594 seeun-

360 624 461 666 dum
494 624 669 666 diuitias
701 624 836 678 glorie
870 636 944 665 sue
977 635 1058 676 que
1091 621 1488 676 superhabundauit
1514 621 1557 662 in
1579 621 1729 669 nobis’‚
1764 633 1859 663 cum

360 692 490 735 etiam
524 691 716 734 Christus
750 692 855 746 ipse,
889 690 932 731 in
965 703 1010 732 se
1042 688 1308 744 punitionem
1341 688 1524 744 patiens,
1567 687 1684 730 dieat
1716 687 1759 730 in
1792 687 1860 730 Io·

313 767 346 803 ἰε
360 759 514 809 hanne,
547 761 856 802 econsumatum
890 759 989 811 est·';
1024 771 1122 799 nam
1154 757 1226 799 ubi
1273 760 1563 799 consumatum
1605 761 1684 810 est,
1729 755 1861 798 nichil

362 832 497 870 restat
530 827 758 882 agendum.

481 897 662 950 Propter
695 895 1036 938 conuenientiam
1071 893 1304 943 sciendum,
1339 892 1453 947 quod
1483 893 1648 948 punitio
1680 906 1764 935 non
1797 895 1861 934 est

313 982 345 1006 21
360 964 612 1019 simpliciter
655 977 767 1019 pena
810 962 1008 1006 iniuriam
1053 962 1288 1014 inferentis,
1334 961 1410 1004 sed
1450 974 1561 1016 pena
1600 960 1764 1003 inflicta
1801 960 1861 1002 in-

360 1033 513 1075 iuriam
545 1032 743 1074 inferenti
776 1032 829 1074 ab
862 1031 1048 1073 habent-e
1080 1029 1417 1071 iurisdictionem
1457 1027 1676 1084 puniendi.
1723 1026 1860 1080 Vnde,

360 1101 442 1144 nisi
474 1101 527 1142 ab
561 1099 778 1142 ordinario
818 1098 959 1141 iudice
999 1111 1111 1154 pena
1151 1096 1313 1138 inflicta
1347 1097 1414 1149 sit,
1465 1096 1630 1151 punitio
1668 1108 1753 1136 non
1784 1097 1864 1147 est,

313 1186 346 1211 24
360 1169 437 1212 sed
475 1169 616 1224 potius
654 1168 806 1209 iniuria
845 1171 909 1210 est
949 1165 1145 1208 dicenda.
1209 1163 1334 1206 Vnde
1374 1163 1548 1206 dicebat
1597 1162 1670 1205 ille
1703 1162 1863 1217 Moysi:

359 1238 470 1291 ‘quis
503 1237 723 1279 constituit
746 1240 789 1278 te
811 1235 996 1277 iudicem
1019 1247 1147 1289 super
1168 1233 1286 1275 nos?'
1349 1231 1396 1275 Si
1420 1245 1523 1285 ergo
1546 1231 1624 1274 sub
1647 1230 1865 1273 ordinario

362 1304 504 1346 iudice
538 1304 732 1347 Christus
777 1317 929 1359 passus
970 1316 1054 1344 non
1094 1302 1260 1355 fuisset,
1311 1300 1384 1342 illa
1427 1313 1541 1355 pena
1578 1299 1741 1354 punitio
1782 1312 1866 1340 non

315 1372 538 1426 2⁷fuisset;
585 1376 627 1414 et
673 1372 803 1414 iudex
848 1371 1088 1413 ordinarius
1134 1383 1227 1413 esse
1274 1382 1358 1411 non
1401 1372 1583 1424 poterat,
1625 1367 1706 1410 nisi
1739 1379 1867 1421 supra

369 1445 504 1484 totum
542 1441 771 1483 humanum
811 1453 947 1494 genus
990 1438 1327 1481 iurisdictionem
1368 1437 1542 1485 habens,
1593 1448 1688 1477 cum
1733 1438 1867 1476 totum

367 1509 596 1551 humanum
641 1521 775 1562 genus
820 1520 948 1550 carne
996 1506 1070 1547 illa
1113 1505 1267 1547 Christi
1311 1504 1523 1559 portantis
1565 1503 1733 1545 dolores
1771 1515 1868 1544 nos·

319 1595 353 1621 30
371 1581 472 1630 tros,
507 1581 552 1618 ut
585 1577 645 1618 ait
677 1575 902 1631 propheta,
933 1574 1002 1616 uel
1034 1572 1311 1616 substinentis
1346 1572 1579 1626 puniretur.
1643 1570 1699 1611 Et
1739 1581 1868 1623 supra

322 1678 327 1683 .
370 1649 505 1687 totum
538 1644 768 1686 humanum
811 1656 947 1697 genus
986 1641 1184 1684 Tiberius
1226 1653 1358 1690 cesar,
1405 1640 1524 1681 cuius
1556 1639 1742 1681 uicarius
1779 1640 1871 1678 erat

367 1713 546 1766 Pilatus,
580 1711 916 1755 iurisdictionem
943 1724 1025 1752 non
1060 1709 1292 1762 habuisset,
1340 1708 1421 1749 nisi
1465 1719 1686 1749 romanum
1740 1705 1871 1758 impe-

319 1782 474 1826 ssrium
525 1780 579 1822 de
629 1781 718 1822 iure
763 1780 928 1822 fuisset.
993 1779 1104 1820 Hinc
1149 1781 1213 1819 est
1258 1775 1371 1830 quod
1406 1774 1613 1823 Herodes,
1672 1771 1871 1827 quamuis

367 1850 569 1904 ignorans
602 1847 703 1902 quid
740 1848 918 1900 faceret,
963 1846 1073 1889 sicut
1107 1850 1148 1888 et
1181 1844 1395 1900 Cayphas,
1445 1856 1538 1885 cum
1574 1854 1725 1884 uerum
1765 1839 1875 1881 dixit

369 1917 423 1960 de
455 1917 603 1959 celesti
636 1916 822 1969 deci-ete,
858 1914 1073 1957 Christum
1104 1913 1243 1954 Pilato
1276 1911 1438 1954 remisit
1478 1908 1534 1951 ad
1572 1906 1869 1961 iudicandum,

321 2005 355 2031 se
369 1991 415 2029 ut
446 1986 588 2028 Lucas
626 1986 670 2027 in
702 1983 928 2038 euangelio
966 1996 1041 2026 suo
1074 1980 1219 2023 tradit.
1284 1980 1388 2021 Erat
1421 1978 1530 2020 enim
1557 1974 1750 2018 Herodes
1784 1988 1868 2016 non

498 2092 543 2126 12
569 2093 611 2126 in
638 2091 768 2136 ipsum
798 2101 873 2125 om.
890 2089 962 2124 AG
1058 2089 1102 2124 17
1129 2089 1216 2132 ipse
1234 2083 1568 2122 om.BDFKLM
1659 2082 1703 2116 18
1725 2091 1816 2116 nam
1833 2096 1874 2104 ——

379 2152 439 2185 est
466 2148 640 2186 0m.EV‚
670 2148 705 2181 .i.
735 2147 770 2181 Gr
865 2146 912 2181 20
939 2143 1123 2190 Propter]
1153 2153 1224 2188 pro
1252 2142 1428 2188 presenti
1454 2141 1493 2175 D
1567 2149 1687 2174 conu-
1714 2138 1787 2172 lac.
1807 2135 1886 2170 rel.-

374 2216 450 2241 om.
466 2205 516 2248 D,
559 2204 849 2239 conuenientia
876 2203 960 2247 KP,
1003 2200 1333 2246 consequentiam
1361 2197 1484 2231 LMT
1585 2193 1793 2230 sciendum
1820 2197 1879 2226 est

374 2261 504 2296 DGM
570 2260 673 2294 20—1
690 2262 750 2294 est
767 2259 938 2304 simplex
952 2258 1182 2303 simpliciter
1195 2254 1282 2290 LM
1349 2254 1391 2287 21
1409 2252 1618 2287 inferentis
1632 2247 1879 2289 BEKLTW,

374 2317 567 2352 inferenti
600 2312 959 2351 AFGHMPVFz’c,
1000 2313 1153 2346 ferrent
1179 2311 1335 2344 inflicta
1361 2309 1400 2342 D
1538 2307 1583 2341 25
1609 2310 1649 2341 te
1675 2303 1880 2340 constituit

380 2373 554 2410 GHedd
667 2371 713 2405 26
739 2381 821 2405 non
838 2389 881 2394 —
897 2379 979 2403 non
1002 2378 1076 2402 om.
1092 2367 1124 2402 A
1224 2366 1340 2400 26—‘1
1368 2364 1435 2398 illa
1452 2383 1490 2387 -
1508 2363 1651 2397 fuisset
1677 2370 1751 2396 om.
1766 2359 1887 2394 DGV
1997 2365 2002 2426 ἰ

379 2430 523 2476 punita
549 2438 631 2463 non
662 2425 896 2472 punissetB
992 2423 1038 2459 28
1064 2422 1206 2457 iurisd-
1233 2422 1327 2456 hab·
1354 2418 1519 2455 om.AT
1586 2416 1704 2452 28-9
1731 2426 1821 2451 cum
1839 2434 1879 2439 —
2000 2432 2002 2435 .

381 2496 512 2531 genus
553 2483 675 2519 om.A
790 2482 835 2516 29
862 2482 902 2515 in
931 2490 1053 2515 carne
1081 2478 1242 2513 GTedd
1295 2496 1298 2498 v
1348 2476 1516 2522 portatis
1542 2474 1592 2518 D,
1624 2475 1809 2519 portante
1837 2470 1882 2514 G,
1994 2469 2002 2523 t

386 2541 636 2587 deportantis
665 2540 739 2574 FP
854 2538 899 2589 31
927 2536 1110 2581 tyberius
1135 2535 1217 2569 BH
1223 2535 1257 2570 V

507 2633 552 2668 18
578 2632 661 2667 ioh.
684 2631 743 2674 19,
762 2632 825 2666 30.
947 2629 993 2664 25
1019 2628 1150 2663 Exod.
1169 2627 1205 2670 2,
1223 2628 1283 2661 14.
1403 2624 1450 2658 30
1475 2623 1528 2658 Is.
1546 2624 1605 2664 53,
1624 2624 1658 2655 4.
1804 2649 1809 2654 ,
1983 2600 2002 2656 ἴ

391 2689 533 2725 34-35
560 2688 615 2733 ef.
635 2688 717 2723 Ioh.
739 2689 795 2731 11,
813 2686 971 2721 49—51.
1093 2683 1138 2718 36
1164 2682 1339 2724 Lu0.23‚
1359 2682 1416 2715 11.
