2002 3302
28 554 30 559 ·
18 522 63 539 ,ᾳ
16 445 40 507 m
16 57 60 438 *bamma-Q

62 406 67 410 ’
71 188 77 190 A
65 156 69 157 ¹
64 112 67 113 ¹
60 70 76 76 1
70 56 75 58 .

589 262 781 308 DANTIS
809 259 1111 313 MONARCHIA
1143 260 1157 294 I
1186 259 1220 294 2.
1609 257 1648 292 11

275 375 430 416 Verum
465 373 565 427 quia
598 372 732 414 omnis
765 371 924 412 ueritas
958 382 1039 423 que
1073 382 1155 410 non
1189 372 1253 410 est
1285 366 1556 422 principium,
1600 378 1653 407 ex

88 459 95 469 ¹
155 444 337 486 ueritate
370 441 552 484 alicuius
585 438 783 495 principii
817 438 870 480 fit
902 437 1146 490 manifesta,
1180 448 1357 477 necesse
1390 439 1455 477 est
1486 435 1528 476 in
1553 447 1702 488 qua-12

153 512 260 555 libet
291 509 563 565 inquisitione
598 508 755 550 habere
787 506 982 548 notitiam
1016 505 1069 547 de
1094 503 1319 560 principio,
1354 504 1395 545 in
1420 502 1533 557 quod
1557 516 1654 544 ana-

153 570 280 623 letice
313 581 568 631 recurratur,
603 590 677 632 pro
712 574 972 618 certitudine
1006 574 1189 616 omnium
1214 572 1549 628 propositionum
1574 584 1655 625 que

119 648 334 691 --inferius
372 650 656 689 assumuntur.
719 644 775 686 Et
815 644 912 697 quia
951 656 1127 699 presens
1166 646 1376 684 tractatus
1417 645 1481 683 est
1519 640 1654 694 inqui·
1670 654 1704 679 15

154 716 254 760 sitio
287 715 483 770 quedam,
519 718 618 756 ante
650 714 791 756 omnia
824 712 878 755 de
911 712 1121 767 principio
1154 709 1429 754 scrutandum
1463 722 1556 752 esse
1594 709 1655 750 ui-

157 784 295 837 detur,
324 783 371 826 in
405 782 526 826 cuius
559 783 714 823 uirtute
746 781 951 823 inferiora
983 780 1232 822 consistant.

274 853 351 895 Est
385 865 488 906 ergo
521 849 754 898 sciendum,
798 848 910 903 quod
946 848 1127 902 quedam
1162 854 1259 890 sunt
1293 861 1372 902 que
1407 851 1550 890 nostre
1584 859 1653 901 po-
1669 861 1704 886 18

110 954 116 959 .
156 921 302 964 testati
336 920 507 962 minime
539 918 807 961 subiacentia
839 917 1050 972 speculari
1086 915 1381 958 tantummodo
1414 928 1653 971 possumus,

154 989 322 1045 operari
355 993 494 1030 autem
535 1001 632 1039 non,
681 986 797 1028 uelut
836 985 1154 1038 mathematica,
1204 984 1384 1040 physica
1417 988 1458 1026 et
1493 983 1651 1025 diuina.

107 1071 109 1074 ·
154 1057 347 1109 Quedam
380 1069 482 1098 uero
515 1060 612 1098 sunt
644 1068 726 1108 que
758 1058 902 1096 nostre
937 1054 1138 1109 potestati
1172 1053 1440 1095 subjacentia
1473 1066 1555 1094 non
1589 1065 1653 1094 so·
1669 1069 1701 1093 21

158 1126 243 1168 lum
276 1125 503 1181 speculari,
537 1123 610 1167 sed
647 1124 774 1165 etiam
809 1123 975 1178 operari
1009 1135 1255 1178 possumus3
1307 1127 1348 1163 et
1380 1122 1423 1162 in
1456 1120 1538 1163 hiis
1571 1134 1654 1162 non

160 1194 352 1250 operatio
383 1198 557 1248 propter
589 1191 938 1247 speculationem,
972 1190 1046 1233 sed
1083 1190 1162 1233 hec
1194 1195 1367 1246 propter
1400 1189 1517 1231 illam
1541 1202 1653 1231 assu-

158 1263 297 1315 mitur,
332 1261 528 1316 quoniam
563 1261 605 1302 in
639 1259 795 1301 talibus
828 1260 1020 1314 operatio
1054 1259 1167 1302 finis.
1220 1258 1323 1301 Cum
1349 1271 1450 1312 ergo
1474 1258 1654 1300 materia
1668 1274 1703 1299 24

160 1343 336 1386 presens
376 1329 554 1385 politica
594 1329 660 1380 sit,
704 1329 786 1369 imo
824 1318 923 1370 'fons
968 1332 1097 1382 atque
1143 1327 1397 1382 principium
1443 1331 1653 1368 rectarum

157 1398 418 1455 politiarum‚
452 1402 495 1439 et
543 1410 665 1438 omne
705 1396 923 1451 politicum
973 1402 1117 1438 nostre
1166 1395 1368 1450 potestati
1417 1394 1652 1447 subiaceat,

155 1467 427 1509 manifestum
462 1470 525 1508 est
559 1465 671 1519 quod
706 1466 886 1507 materia
919 1478 1094 1520 presens
1127 1479 1209 1506 non
1240 1464 1295 1506 ad
1319 1464 1652 1518 speculationem
1668 1480 1702 1504 ετ

154 1549 230 1591 per
267 1536 398 1591 prius,
447 1534 523 1576 sed
568 1533 623 1576 ad
665 1535 955 1588 operationem
989 1533 1223 1575 ordinatur.
1289 1532 1450 1574 Rursus
1483 1546 1577 1574 cum
1612 1534 1653 1574 in

155 1603 443 1659 operabilibus
485 1603 736 1657 principium
782 1607 823 1643 et
865 1615 995 1644 causa
1028 1602 1211 1643 omnium
1246 1602 1301 1643 sit
1335 1601 1506 1643 ultimus
1540 1601 1653 1654 finis,

155 1677 297 1714 mouet
329 1673 438 1714 enim
475 1672 608 1726 primo
643 1675 854 1724 agentem,
900 1683 1164 1724 consequens
1199 1675 1263 1712 cst
1298 1676 1342 1711 ut
1374 1670 1510 1712 omnis
1543 1669 1654 1711 ratio
1669 1686 1704 1711 30

155 1754 296 1783 eorum
332 1753 412 1794 que
444 1746 542 1782 sunt
574 1740 627 1782 ad
663 1740 809 1791 finem,
844 1741 897 1781 ab
932 1740 1024 1794 ipso
1058 1740 1146 1781 fine
1180 1744 1383 1781 sumatur.
1434 1739 1543 1782 Nam
1570 1739 1654 1781 alia

155 1810 235 1852 erit
273 1811 380 1851 ratio
420 1808 635 1850 incidendi
678 1809 839 1862 lignum
883 1813 1056 1863 propter
1098 1807 1268 1850 domum
1310 1807 1653 1861 construendam,

110 1920 112 1922 ,
155 1884 197 1919 et
229 1877 315 1919 alia
346 1883 519 1932 propter
551 1878 707 1918 nauim.
772 1876 881 1918 Inud
917 1877 1061 1931 igitur,
1111 1877 1144 1918 si
1188 1875 1290 1930 quid
1335 1881 1397 1918 est
1440 1875 1552 1930 quod
1590 1881 1704 1918 estas

155 1945 257 1990 finis
288 1945 540 1988 uniuersalis
574 1945 796 1988 ciuilitatis
836 1945 1006 1987 humani
1041 1947 1222 2000 generis,
1273 1946 1352 1987 erit
1392 1944 1460 1987 hic
1500 1946 1653 2000 princi-

154 2014 283 2070 pium,
332 2027 407 2069 per
448 2013 560 2068 quod
605 2015 746 2056 onmia
791 2027 872 2068 que
905 2014 1082 2056 inferius
1115 2013 1337 2068 probanda
1371 2018 1481 2066 sunt,
1531 2018 1653 2054 erunt

153 2083 381 2125 manifesta
427 2082 709 2124 sufficienter.
782 2083 886 2124 Esse
926 2087 1065 2124 autem
1107 2082 1236 2124 finem
1278 2082 1400 2124 huius
1434 2081 1654 2123 ciuilitatis
1671 2096 1705 2121 36

226 2208 268 2242 12
296 2210 347 2243 sit
372 2209 451 2243 DF
559 2209 600 2242 13
628 2210 839 2253 questione
870 2207 943 2242 Fls
1050 2208 1093 2242 14
1122 2219 1192 2253 per
1222 2209 1501 2243 certitudinem
1530 2208 1611 2243 DV

155 2266 199 2303 16
213 2265 376 2300 uidetur
391 2275 476 2299 esse
493 2265 752 2300 scrutandum
771 2265 820 2307 D,
835 2265 1057 2299 scrutanda
1073 2275 1160 2299 esse
1175 2265 1369 2299 uidentur
1392 2265 1425 2299 V
1505 2265 1547 2299 17
1563 2275 1652 2298 con-

153 2322 299 2356 sistunt
327 2321 407 2356 DE
526 2321 572 2356 23
600 2322 670 2356 hcc
705 2332 778 2356 om.
807 2321 935 2355 ADW
1029 2321 1152 2366 illam]
1187 2322 1253 2356 illa
1281 2321 1335 2363 M,
1375 2323 1651 2366 operationem

153 2377 225 2412 illa
250 2377 336 2411 AW
431 2383 691 2412 assumuntur
720 2377 790 2412 FL
911 2378 953 2412 ‘24
985 2379 1167 2422 operatio
1196 2381 1256 2413 est
1283 2379 1375 2412 finis
1403 2377 1570 2412 ADTW

155 2431 201 2467 25
228 2433 480 2477 principium]
517 2435 630 2479 origo
658 2435 695 2468 D
808 2433 854 2468 29
882 2435 1058 2468 omnium
1087 2445 1161 2469 om.
1182 2435 1225 2477 P,
1261 2436 1325 2469 osii
1361 2435 1394 2468 V
1501 2435 1547 2468 30
1574 2434 1653 2469 Mo-

154 2492 223 2523 net
257 2489 290 2522 V
359 2490 607 2523 conueniens
643 2490 674 2524 V
768 2491 809 2524 31
842 2495 1052 2525 sumantur
1080 2491 1318 2533 ADFPTV,
1346 2498 1505 2525 sumant
1536 2491 1570 2526 G·

154 2543 202 2578 32
229 2545 550 2579 constituendam
568 2546 794 2581 BFHLPV
886 2547 930 2581 33
959 2548 1054 2591 quid
1077 2545 1149 2593 ost]
1171 2548 1292 2591 quide
1312 2547 1362 2589 D,
1382 2546 1542 2591 quidem
1560 2548 1652 2587 EM,

156 2600 315 2644 quidem
345 2601 453 2635 estL
527 2601 635 2645 quod
662 2602 754 2636 sinis
771 2602 840 2635 BL
938 2604 983 2636 34
1012 2602 1267 2647 uniuersalis]
1296 2603 1405 2637 utilis
1419 2602 1653 2644 EGKPTV,

155 2656 250 2690 vtile
282 2657 320 2691 H
400 2657 580 2692 ciuilitati
611 2657 685 2691 ΕΗ
765 2658 840 2692 hoc
869 2657 1022 2693 DFGP
1126 2659 1170 2692 35
1199 2658 1330 2702 crunt]
1359 2660 1476 2693 etiam
1506 2659 1578 2692 BL

155 2713 200 2746 36
226 2720 359 2747 autem
388 2724 475 2748 esse
504 2714 573 2747 AG
649 2714 741 2747 finis
771 2714 842 2747 BL
