2002 3302
424 237 470 272 48
842 237 1035 274 DANTIS
1061 220 1371 276 MONARCHIA
1397 241 1435 276 11
1461 242 1494 278 5.

392 348 487 387 vest
535 344 665 387 finem
715 345 917 399 cuiusque
962 346 1065 389 iuris
1111 347 1264 389 bonum
1312 361 1489 392 comune
1533 363 1640 405 esse,
1685 356 1728 394 et
1764 353 1919 409 impos·

422 411 545 454 sibile
588 417 652 454 est
691 413 757 455 ius
796 426 902 467 esse,
951 414 1105 456 bonum
1148 428 1325 458 comune
1355 430 1441 459 non
1486 418 1725 463 intendens.
1788 421 1918 478 Prop-

424 486 487 521 ter
529 480 642 534 quod
683 481 787 524 bene
821 481 986 524 Tullius
1025 483 1066 524 in
1106 484 1243 538 prima
1274 484 1501 536 rhetorica,
1541 499 1721 543 semper,
1765 489 1917 544 inquit,

375 565 408 589 ιε
422 547 477 589 ad
523 548 751 591 utilitatem
800 551 1034 605 reipublice
1079 551 1197 606 leges
1245 553 1566 608 interpretande
1609 561 1718 598 sunt.
1792 556 1917 609 Quod

421 616 457 658 si
490 615 545 658 ad
579 617 806 659 utilitatem
841 631 983 660 eorum
1018 619 1088 672 qui
1121 623 1218 661 sunt
1249 621 1327 673 sub
1360 621 1469 676 lege,
1503 623 1621 677 leges
1647 623 1811 668 directe
1833 639 1917 669 non

369 745 371 747 ι
421 688 530 738 sunt,
565 685 683 739 leges
716 687 883 728 nomine
916 686 1006 728 solo
1039 693 1149 741 sunt,
1184 701 1227 730 re
1260 692 1403 731 autem
1435 690 1553 744 leges
1585 704 1678 734 esse
1711 706 1794 735 non
1820 707 1916 749 pos-

373 756 529 794 15sunt.
600 753 741 807 Leges
786 755 896 796 enim
937 759 1105 808 oportet
1144 755 1334 798 homines
1373 756 1590 801 deuincire
1629 759 1683 802 ad
1732 760 1916 804 inuicem

420 824 595 875 propter
627 834 847 863 comunem
881 822 1123 864 utilitatem.
1171 824 1352 879 Propter
1385 825 1498 879 quod
1533 826 1639 869 bene
1661 827 1828 871 Seneca
1860 828 1916 872 de

421 888 531 942 lege,
572 902 666 930 cum
707 889 749 931 in
788 890 896 932 libro
936 890 990 932 (le
1033 895 1215 944 quatuor
1254 893 1483 936 uirtutibus
1521 894 1659 949 legem
1699 897 1914 939 uinculum

374 973 406 998 18
421 955 538 998 dicat
561 957 743 1000 humane
765 959 998 1001 societatis.
1043 959 1169 1002 Patet
1191 961 1323 1015 igitur
1353 961 1466 1015 quod
1496 963 1736 1018 quicunque
1759 965 1914 1008 bonum

420 1025 654 1080 reipublice
694 1026 889 1081 intendit,
930 1027 1057 1069 finem
1100 1028 1203 1071 iuris
1242 1028 1437 1071 intendit.
1501 1029 1549 1072 Si
1590 1044 1692 1085 ergo
1732 1031 1913 1075 Romani

421 1093 575 1135 bonum
609 1095 840 1149 reipublice
874 1094 1158 1149 intenderunt,
1194 1100 1338 1138 ueram
1371 1097 1452 1138 erit
1479 1096 1624 1139 dicere
1656 1097 1780 1141 finem
1810 1099 1913 1142 iuris

372 1177 405 1202 21
421 1161 668 1204 intendisse.
733 1162 855 1213 Quod
889 1169 1030 1205 autem
1064 1177 1260 1206 romanus
1293 1165 1473 1220 populus
1512 1165 1666 1208 bonum
1698 1167 1921 1222 prefatum

420 1229 651 1272 intenderit
683 1231 932 1274 subiciendo
965 1232 1046 1274 sibi
1080 1233 1225 1274 orbem
1249 1236 1472 1287 terrarum,
1507 1238 1630 1288 gesta
1661 1247 1739 1277 sua
1770 1235 1912 1278 decla-

420 1303 529 1340 rant.
592 1298 641 1339 In
683 1299 848 1353 quibus,
884 1300 1003 1358 omni
1043 1299 1279 1355 eupiditate
1321 1301 1516 1343 submota
1558 1315 1639 1356 que
1679 1303 1912 1358 reipublice

372 1381 406 1405 24
420 1378 587 1421 semper
608 1365 790 1408 aduersa
813 1372 890 1417 est,
925 1373 967 1415 et
996 1368 1225 1410 uniuersali
1259 1382 1367 1424 pace
1399 1382 1492 1411 cum
1517 1369 1714 1412 libertate
1737 1370 1911 1426 dilecta,
1984 1427 1987 1431 ι

421 1434 603 1489 populus
626 1434 698 1476 ille
721 1440 906 1485 sanctus,
938 1437 1032 1490 pius
1065 1441 1108 1478 et
1139 1436 1351 1490 gloriosus
1382 1438 1555 1493 propria
1588 1438 1811 1482 commoda
1843 1452 1913 1483 ne-

419 1502 606 1556 glexisse
635 1502 817 1556 uidetur,
851 1508 897 1545 ut
927 1504 1100 1558 publica
1131 1518 1208 1559 pro
1241 1505 1379 1547 salute
1413 1505 1584 1547 humani
1616 1507 1786 1561 generis
1818 1522 1910 1563 pro-

368 1586 403 1611 27
421 1575 602 1612 curaret.
644 1570 766 1613 Vnde
791 1576 905 1613 recte
929 1571 1035 1613 illud
1069 1572 1272 1626 scriptum
1296 1576 1381 1614 est:
1414 1572 1664 1615 ‘Romanum
1686 1575 1910 1630 imperium

420 1637 474 1679 de
507 1638 625 1680 fonte
657 1639 846 1681 nascitur
879 1638 1079 1695 pietatis³.

539 1706 625 1748 Sed
659 1708 758 1760 quia
791 1707 845 1749 de
877 1707 1110 1750 intentione
1144 1707 1327 1749 omnium
1361 1721 1415 1750 ex
1447 1708 1658 1751 electione
1690 1710 1910 1764 agentium

537 1813 631 1848 8—9
657 1814 859 1849 societatis
876 1833 916 1839 —
934 1815 1131 1859 cuiusque
1157 1824 1231 1849 om.
1247 1814 1286 1848 E
1437 1815 1458 1849 9
1483 1815 1777 1860 cuiuscumque
1802 1815 1918 1851 FGT

420 1874 465 1905 ee
493 1873 565 1905 coe
590 1870 670 1907 BV
791 1871 831 1904 11
861 1871 982 1905 tulius
1008 1871 1171 1907 DEFV
1263 1872 1461 1906 rectorica
1486 1871 1619 1915 EMV,
1651 1871 1748 1907 R’ca
1774 1871 1821 1913 Β,
1847 1882 1911 1907 ru-

420 1927 531 1960 brica
549 1926 584 1959 L
701 1927 744 1960 13
771 1930 864 1961 sunt
890 1937 964 1961 om.
983 1926 1148 1961 GHMT
1246 1927 1358 1972 leges
1384 1939 1458 1962 om.
1479 1928 1592 1963 FGP
1700 1928 1745 1963 15
1772 1928 1911 1964 deuin-

419 1993 510 2018 cere
537 1982 782 2018 DEFGMV
935 1983 977 2017 17
1014 1992 1103 2017 eum
1140 1983 1179 2017 in
1206 1983 1325 2027 AKT,
1358 1984 1398 2017 in
1431 1982 1584 2028 reliqui
1737 1984 1782 2018 18
1815 1984 1912 2019 dicit
1951 2000 1953 2002 v
1993 1968 1995 1971 ⁴

418 2039 538 2073 BMP
548 2039 627 2074 edd
756 2038 897 2074 19-20
922 2039 1094 2074 intendit
1109 2059 1152 2063 —
1167 2039 1387 2084 reipublice
1414 2049 1489 2074 om.
1504 2039 1550 2073 H
1673 2038 1720 2073 20
1746 2039 1909 2084 bonum]

418 2096 540 2130 finem
567 2095 648 2129 DT
741 2094 785 2129 21
813 2095 989 2140 populus
1015 2105 1205 2130 romanus
1233 2095 1343 2130 BHL
1440 2094 1487 2130 23
1513 2096 1714 2130 summota
1738 2095 1822 2139 LP,
1848 2105 1910 2130 su-

417 2153 527 2185 mota
561 2151 602 2194 V,
634 2161 733 2186 sem-
759 2151 809 2195 D,
836 2161 937 2186 rem·
964 2151 1012 2191 K,
1049 2155 1231 2186 resecata
1260 2152 1294 2187 G
1427 2150 1569 2186 23—25
1595 2160 1730 2196 que-
1747 2156 1910 2186 sanctus

418 2217 492 2242 om.
517 2207 553 2242 V
640 2207 686 2241 24
713 2207 800 2242 utili
827 2208 1020 2242 DEFHP
1125 2207 1171 2242 29
1199 2206 1291 2252 Sed]
1318 2208 1376 2242 Et·
1393 2208 1467 2242 FP

538 2289 679 2323 11--12
707 2289 842 2325 Cicero
862 2291 911 2325 de
936 2288 1165 2325 inventione
1184 2292 1216 2334 1,
1230 2292 1278 2326 68
1304 2290 1432 2332 Quam
1461 2290 1511 2325 ob
1538 2300 1620 2324 rem
1647 2290 1773 2335 igitur
1800 2290 1909 2334 leges

418 2346 573 2380 servari
607 2348 777 2391 oportet,
811 2346 862 2380 ad
889 2356 977 2380 eam
1006 2356 1168 2380 causam
1202 2347 1348 2391 scripta
1377 2338 1519 2380 omnia
1535 2345 1791 2390 interpretari
1818 2354 1907 2380 con·
1962 2341 1965 2343 ’

418 2403 545 2437 venit:
571 2402 647 2437 hoc
666 2404 736 2445 est,
765 2402 956 2446 quoniam
973 2402 1221 2447 reipublicae
1245 2403 1453 2446 servimus,
1473 2411 1524 2436 ex
1542 2396 1789 2446 reipublicae
1808 2411 1910 2436 com-

418 2458 536 2493 modo
564 2461 686 2502 atque
713 2458 887 2492 utilitate
915 2458 1024 2502 leges
1051 2459 1373 2503 interpretemur.
1477 2458 1617 2492 16—18
1642 2457 1813 2493 Senecae
1838 2457 1910 2492 aut

417 2513 566 2549 rectius
592 2512 767 2548 Martini
793 2514 842 2549 de
860 2514 1046 2549 Bracara
1072 2513 1172 2549 liber
1199 2514 1247 2549 de
1274 2516 1451 2560 quatuor
1476 2512 1696 2549 virtutibus
1721 2511 1908 2548 cardina-

416 2569 523 2606 libus
549 2569 633 2606 sive
658 2570 839 2616 formula
865 2571 1051 2606 honestae
1079 2569 1184 2606 vitae
1210 2570 1254 2606 in
1282 2569 1461 2615 capitulo
1479 2570 1589 2616 quod
1606 2571 1663 2605 est
1681 2570 1729 2605 de
1746 2567 1908 2604 iustitia

418 2627 574 2661 Iustitia
606 2637 686 2661 non
720 2631 855 2661 nostra
889 2628 1134 2670 constitutio,
1173 2627 1243 2662 sed
1277 2627 1416 2661 divina
1447 2627 1514 2661 lex
1548 2630 1608 2661 est
1637 2630 1676 2661 et
1703 2625 1908 2661 vinculum

416 2683 617 2718 societatis
644 2683 845 2718 humanae
871 2681 1057 2727 (Senecae
1084 2693 1207 2727 opera
1235 2683 1294 2718 ed.
1322 2683 1456 2717 Haase
1483 2682 1560 2724 III,
1587 2683 1697 2725 1853,
1717 2691 1760 2724 p.
1780 2679 1878 2721 473).
