2002 3302
598 317 792 356 DANTIS
818 316 1130 355 MONARCHIA
1155 316 1195 352 II
1222 317 1278 352 10.
1640 315 1688 352 67

316 430 408 472 Iam
440 428 545 472 satis
575 427 847 471 manifestum
880 430 959 480 est,
992 424 1106 481 quod
1129 437 1206 481 per
1229 423 1416 467 duellum
1445 423 1694 478 acquiritur,

195 498 253 542 de
284 499 376 540 iure
409 496 588 551 acquiri.

263 565 331 609 Ed
371 577 571 608 romanus
611 563 795 620 populus
834 576 912 619 per
953 561 1141 605 duellum
1182 560 1414 615 acquisiuit
1446 558 1771 617 imperiumglss

135 683 164 694 ..
294 635 409 692 quod
449 634 540 678 fide
581 634 724 690 dignis
766 634 1022 678 testimoniis
1067 632 1382 688 comprobatur.
1446 633 1496 674 In
1544 632 1699 686 quibus

199 706 531 752 manifestandis
561 719 646 749 non
678 706 812 749 solum
845 705 927 748 hoc
959 704 1199 761 apparebit,
1232 702 1308 747 sed
1341 704 1470 746 etiam
1493 702 1729 758 quicquida

198 792 227 822 a
258 775 603 834 primordialibus
655 774 836 831 imperii>
876 774 1040 817 romani
1093 771 1415 829 diiudicandum
1468 776 1574 822 erat,
1624 785 1700 828 per

11 876 58 904 „N
198 845 388 890 duellum
421 859 514 890 esse
547 845 798 888 discussum.

35 928 41 969 j
158 941 181 944 ἢ
318 914 429 959 Nam
461 913 516 957 de
547 914 685 969 primo
727 925 821 954 cum
855 910 910 954 de
942 910 1046 954 sede
1078 911 1215 967 patris
1247 910 1400 964 Eneef
1429 910 1501 964 qui
1539 910 1731 966 primuse

8 983 57 1149 ξ’
88 1021 117 1033 ,,
198 986 323 1038 pater
344 981 468 1026 huius
491 981 639 1038 populi
660 980 756 1034 fuit,
785 983 1025 1022 uerteretur
1046 979 1245 1033 litigium,
1280 978 1425 1022 Turno
1448 978 1701 1021 Rutulorum

9 782 51 831 ’,αἱ

198 1063 302 1105 rege
335 1054 484 1093 contra
517 1054 670 1099 stante,
705 1047 760 1091 de
793 1047 960 1090 comuni
993 1047 1212 1090 amborum
1241 1060 1389 1101 regum
1422 1059 1611 1102 assensu,
1645 1046 1700 1089 ad

203 1118 397 1160 ultimum
428 1122 603 1173 propter
635 1116 826 1159 diuinum
858 1115 1174 1172 beneplacitum
1200 1113 1500 1169 inquirendum
1521 1115 1632 1158 inter
1658 1128 1734 1158 see

200 1185 336 1228 solum
370 1185 618 1228 dimicatum
651 1189 729 1239 est,
762 1188 809 1227 ut
840 1185 882 1226 in
906 1184 1065 1227 ultimis
1085 1183 1274 1226 Eneidos
1297 1183 1475 1226 canitur.
1539 1183 1588 1225 In
1620 1196 1703 1238 quo

198 1252 374 1307 quidem
417 1266 556 1308 agone
597 1256 719 1296 tanta
758 1253 934 1296 uictoris
964 1253 1083 1296 Enee
1126 1251 1356 1295 clementia
1398 1251 1494 1306 fuit,
1543 1256 1591 1294 ut
1623 1252 1703 1295 nisi

52 1315 71 1369 Ι
201 1321 382 1375 balteus,
439 1333 564 1375 quem
614 1321 783 1364 Turnus
834 1320 1023 1364 Pallanti
1079 1334 1105 1367 a
1149 1333 1195 1363 se
1245 1319 1389 1363 occiso
1440 1318 1703 1372 detraxerat,
1720 1336 1753 1361 12

16 1378 19 1382 ¹
200 1389 424 1445 patuisset,
472 1388 588 1431 uicto
628 1389 765 1431 uictor
802 1388 927 1432 simul
968 1389 1102 1431 uitam
1136 1387 1420 1431 condonasset
1461 1392 1504 1430 et
1536 1401 1702 1443 pacem,

198 1460 249 1508 ,ut
280 1456 429 1498 ultima
461 1456 652 1499 carmina
683 1457 816 1499 nostri
848 1460 975 1512 poete
1007 1459 1233 1499 testantur.

321 1523 512 1578 Cumque
550 1523 635 1566 duo
675 1524 822 1580 populi
862 1537 914 1566 ex
954 1523 1051 1579 ipsa
1091 1520 1260 1566 troiana
1298 1523 1446 1566 radice
1484 1525 1528 1566 in
1559 1524 1755 1567 Ytaliaffi

31 1623 59 1647 a*
198 1591 524 1646 germinassent,
557 1605 757 1636 romanus
786 1590 993 1636 uidelicet
1025 1596 1075 1634 et
1101 1592 1296 1646 albanus,
1330 1595 1459 1646 atque
1492 1591 1548 1635 de
1581 1591 1705 1648 signo

196 1658 341 1714 aquile
385 1657 525 1714 deque
572 1659 800 1715 penatibus
858 1659 941 1703 diis
985 1659 1266 1703 Troianorum
1315 1665 1446 1715 atque
1493 1660 1708 1716 dignitate

202 1726 475 1783 principandi
513 1727 641 1783 longo
674 1733 866 1784 tempore
910 1729 1021 1771 inter
1065 1741 1111 1771 se
1156 1728 1443 1785 disceptatum
1477 1734 1602 1783 esset,
1650 1728 1706 1772 ad
1724 1746 1758 1772 18

201 1793 396 1836 ultimum
443 1793 498 1837 de
553 1795 722 1837 comuni
770 1809 946 1839 assensu
1009 1795 1195 1852 partium
1260 1801 1434 1853 propter
1499 1798 1707 1841 iustitiam

202 1860 563 1916 cognoscendam,
596 1876 672 1918 per
704 1867 791 1906 tres
823 1862 995 1906 Oratios
1027 1864 1184 1907 fratres
1217 1863 1316 1908 hinc
1349 1869 1392 1907 et
1424 1878 1504 1921 per
1526 1864 1707 1908 totidem

201 1927 422 1972 Curiatios
461 1929 617 1973 fratres
654 1929 770 1984 inde,
818 1931 871 1973 in¹
907 1935 1140 1987 conspectu
1184 1925 1335 1987 regum
1374 1937 1417 1975 et
1454 1933 1707 1989 populorum
1721 1952 1755 1977 ει

205 1994 466 2040 altrinsecus
488 1998 806 2054 expectantium
830 1997 1097 2042 decertatum
1121 2003 1204 2053 est3
1237 2000 1309 2043 ubi
1333 2001 1468 2044 tribus
1491 2000 1708 2056 pugilibus

327 2078 374 2114 65
400 2078 571 2124 acquiri]
598 2081 822 2125 acquiritur
847 2081 999 2117 ADFG

324 2132 371 2168 10
395 2133 568 2171 Initium
585 2135 681 2172 novi
698 2135 849 2182 capitis
867 2136 913 2172 in
927 2136 1255 2173 ADGVtantum
1350 2137 1372 2173 2
1398 2138 1619 2184 fidedignis
1639 2138 1715 2174 TV

201 2188 316 2224 3>hic
339 2189 420 2224 HT
433 2193 473 2225 et
495 2189 579 2226 DK
775 2192 798 2227 6
824 2192 958 2227 Primo
986 2194 1092 2228 enim
1120 2202 1210 2228 eum
1237 2194 1276 2228 D
1450 2195 1471 2230 7
1498 2195 1710 2231 rutilorum

205 2242 436 2279 ABDFHL
605 2247 628 2282 8
661 2249 938 2284 contrastante
968 2248 1126 2293 AFLV,
1169 2251 1354 2285 contrist-
1375 2250 1421 2294 T,
1467 2254 1642 2286 contest·
1656 2252 1706 2296 H,

204 2302 333 2336 const·
346 2300 425 2336 DG
534 2312 735 2339 consensu
761 2304 839 2339 FT
945 2305 990 2340 10
1015 2305 1196 2351 eneydos
1220 2306 1346 2349 BHL,
1373 2307 1449 2343 lac.
1475 2308 1546 2343 rel.
1574 2318 1648 2343 om.
1668 2307 1708 2342 D

206 2354 253 2391 12
276 2355 463 2393 baltheus
489 2357 691 2394 AHKMT
783 2361 853 2406 qui
878 2361 1009 2398 DMV
1087 2362 1241 2407 palanti
1267 2362 1471 2399 ADFMV
1570 2364 1614 2399 13
1640 2374 1707 2409 pa-

206 2411 333 2448 tuisse
364 2413 405 2457 V,
431 2423 506 2450 om.
520 2413 592 2450 AG
679 2415 931 2453 condonasse
959 2417 1038 2454 GV
1139 2418 1184 2453 15
1210 2419 1362 2454 italiam
1389 2419 1472 2455 DF
1579 2419 1623 2454 16
1650 2420 1708 2455 ui·

60 2476 68 2516 χ
204 2465 356 2503 delicet
381 2469 554 2514 populus
581 2471 622 2506 et
641 2471 721 2506 BL
737 2472 816 2508 edd
938 2474 983 2509 17
1010 2473 1156 2519 deque]
1179 2478 1303 2520 atque
1329 2475 1379 2519 D,
1423 2475 1473 2510 de
1501 2485 1582 2521 qua
1611 2475 1644 2510 G

62 2518 66 2554 Ξ
205 2524 479 2568 pennantibus
510 2525 546 2561 V
639 2526 715 2562 diis
740 2526 879 2573 FicW,
918 2530 1006 2564 aliis
1032 2530 1137 2565 codd
1281 2531 1327 2566 19
1353 2531 1403 2567 de
1430 2541 1505 2567 om.
1521 2531 1677 2567 DFGK
1680 2532 1716 2568 V

207 2578 404 2614 iustitiam
430 2579 630 2624 DFGTV,
655 2581 889 2619 instantiam
904 2583 1091 2620 ABEHL
1103 2584 1224 2622 MFz'c
1239 2587 1319 2622 edd
1501 2587 1548 2623 20
1575 2591 1707 2623 orato-

209 2643 274 2670 res
303 2633 395 2679 GM,
421 2637 644 2672 croatiosB
774 2638 867 2674 hinc
893 2649 968 2676 om.
986 2640 1065 2676 GK
1103 2642 1280 2678 croatios
1295 2642 1532 2686 ABDFHV,
1558 2643 1712 2678 ·teosE

205 2689 251 2725 21
273 2690 368 2726 inde
386 2701 463 2727 om.
481 2691 606 2729 GMV

64 2743 70 2811 ἐ
327 2758 372 2794 10
396 2759 490 2795 Aen.
510 2760 570 2805 12,
589 2761 666 2797 940
680 2771 765 2808 sqq.
