2002 3302
563 270 757 308 DANTIS
782 269 1094 323 MONARCHIA
1120 270 1158 305 II
1186 270 1216 304 1.
1592 269 1638 305 37

136 394 222 425 nec
266 381 474 424 affectum
513 379 738 424 dulcedine
778 378 922 421 diuine
961 379 1182 431 suasionis,
1233 390 1327 420 cum
1372 390 1447 433 per
1491 377 1638 420 tubam

138 446 320 502 spiritus
365 446 500 488 sancti
539 445 618 486 tibi
658 444 856 486 affletur:
903 444 1030 485 ‘Ecce
1073 456 1196 497 quam
1238 443 1392 485 bonum
1432 446 1474 485 et
1511 455 1637 496 quam
1654 459 1690 484 24

139 510 386 564 iocundum,
422 509 616 552 habitare
648 509 804 551 fratres
836 509 878 549 in
911 509 1064 550 unum'.

517 639 798 682 EXPLICIT
832 638 1010 680 LIBER
1043 637 1271 680 PRIMVS.

501 849 721 892 INCIPIT
755 847 932 889 LIBER
965 847 1284 890 SECVNDVS.

216 943 328 986 Vare
360 944 621 986 fremuerunt
653 947 816 998 gentes,
852 948 894 985 et
926 942 1071 998 populi
1106 941 1302 985 meditati
1335 947 1432 985 sunt
1463 936 1679 986 inania?l

235 1009 474 1051 Astiterunt
507 1022 633 1063 reges
666 1015 790 1062 terre,
825 1013 868 1050 et
894 1008 1112 1063 principes
1135 1012 1422 1050 conuenerunt
1444 1009 1488 1050 in
1511 1022 1638 1051 unum

139 1075 351 1119 aduersus
384 1074 598 1116 dominum
633 1078 673 1115 et
708 1073 914 1115 aduersus
933 1073 1146 1115 Christum
1181 1074 1283 1116 eius.
1338 1075 1669 1129 Dirumpamusss

142 1139 316 1182 uincula
348 1151 506 1188 eorum,
541 1143 582 1181 et
613 1139 873 1194 proiciamus
906 1152 930 1180 a
963 1139 1085 1180 nobis
1118 1140 1263 1192 iugum
1295 1139 1510 1194 ipsorum’.

265 1203 386 1246 Sicut
418 1203 472 1245 ad
506 1203 662 1246 faciem
697 1217 823 1245 cause
854 1217 938 1245 non
971 1204 1276 1258 pertingentes,
1316 1218 1470 1247 nouum
1505 1199 1660 1248 effec?

143 1273 234 1311 tum
271 1269 506 1311 comuniter
538 1269 810 1322 admiramur,
859 1270 920 1311 sic
953 1282 1045 1311 cum
1080 1282 1174 1311 eam
1210 1270 1519 1324 cognoscimus,
1567 1281 1669 1313 eosss

140 1335 217 1389 qui
252 1339 349 1377 sunt
385 1335 427 1376 in
461 1333 742 1376 admiratione
773 1339 995 1387 restantes,
1035 1334 1220 1388 quadam
1254 1334 1466 1377 derisione
1499 1335 1638 1391 despi—

109 1399 295 1442 >cimus.
358 1399 618 1442 Admirabar
655 1400 850 1453 equidem
897 1399 1128 1453 aliquando
1174 1413 1392 1442 romanum
1437 1401 1639 1456 populum

142 1465 189 1506 in
211 1465 314 1507 orbe
346 1468 552 1506 terrarum
586 1465 676 1506 sine
711 1465 797 1506 ulla
830 1466 1072 1506 resistentia
1095 1464 1225 1507 fuisse
1258 1466 1511 1520 prefectum,
1545 1478 1670 1509 cum9

110 1566 118 1569 a
140 1533 308 1572 tantum
338 1529 669 1583 superficialiter
698 1529 879 1583 intuens,
914 1529 1031 1570 illum
1054 1529 1168 1570 nullo
1192 1530 1295 1582 iure,
1329 1530 1405 1571 sed
1428 1544 1639 1573 armorum

139 1594 437 1635 tantummodo
469 1594 672 1636 uiolentia
707 1594 941 1636 obtinuisse
974 1595 1228 1636 arbitrabar.
1293 1595 1381 1637 Sed
1415 1600 1640 1650 postquam

139 1657 374 1701 medulitus
415 1659 560 1701 oculos
599 1660 752 1701 mentis
790 1659 929 1712 infixi,
979 1667 1022 1702 et
1062 1673 1140 1714 per
1172 1660 1482 1703 efficacissima
1514 1662 1639 1716 signa
1655 1677 1689 1702 12

139 1722 334 1765 diuinam
382 1723 697 1778 prouidentiam
744 1724 823 1766 hoc
868 1724 1069 1766 effecisse
1111 1727 1309 1779 cognoui,
1356 1725 1639 1769 admiratione

139 1787 340 1840 cedente,
374 1788 560 1830 derisiua
593 1788 774 1841 quedam
808 1790 1052 1844 superuenit
1085 1789 1320 1845 despectio,
1361 1804 1456 1833 cum
1489 1798 1639 1846 gentes

140 1852 336 1894 nouerim
378 1858 526 1894 contra
571 1855 732 1895 romani
780 1854 926 1910 populi
974 1855 1352 1910 preheminentiam
1399 1858 1636 1911 fremuisse,
1654 1873 1687 1898 15

141 1929 241 1958 cum
275 1916 444 1960 uideam
475 1919 654 1973 populos
685 1932 795 1961 uana
818 1919 1087 1973 meditantes,
1123 1927 1167 1963 ut
1189 1922 1281 1977 ipse
1304 1922 1507 1977 solebam,
1542 1937 1637 1966 cum

61 1979 74 1990 ‘
140 1981 316 2037 insuper
355 1982 520 2026 doleam
561 1997 684 2038 reges
723 1990 766 2026 et
805 1985 1019 2040 principes
1050 1986 1093 2027 in
1128 1987 1210 2029 hoc
1243 1987 1348 2029 uitio
1381 1989 1638 2030 concordan-

139 2049 224 2100 tes,
265 2052 312 2089 ut
349 2047 630 2091 adnersentur
668 2048 839 2092 domino
871 2064 946 2092 suo
980 2055 1022 2092 et
1054 2051 1179 2093 unico
1212 2065 1287 2094 suo
1319 2066 1494 2094 romano
1527 2055 1639 2108 prin·
1655 2067 1689 2092 18

140 2111 246 2166 cipi.
299 2112 481 2167 Propter
513 2113 625 2166 quod
660 2113 858 2167 derisiue,
891 2128 974 2156 non
1008 2116 1099 2157 sine
1132 2115 1278 2157 dolore
1311 2116 1511 2170 quodam,
1545 2131 1638 2159 cum

201 2226 220 2234 x
266 2204 311 2238 24
337 2206 500 2250 spiritus
527 2207 655 2240 sancti
681 2207 765 2251 BF,
803 2218 861 2242 sa·
895 2218 954 2252 sp·
980 2207 1132 2254 reliqui
1243 2210 1406 2245 affletur
1433 2211 1516 2254 BF,
1557 2212 1638 2247 effl-

142 2257 455 2302 ADEHKLPT,
483 2259 549 2294 efl-
583 2260 621 2303 V,
648 2260 756 2295 effla·
786 2261 831 2304 G,
859 2263 957 2296 arfa-
985 2262 1032 2296 M

266 2310 488 2356 Inscriptio
515 2311 612 2347 libri
637 2311 682 2347 in
710 2314 786 2349 FV
806 2315 966 2350 tantum

266 2366 288 2398 6
314 2375 401 2400 eam
428 2365 508 2408 AT,
536 2376 699 2401 causam
726 2366 878 2413 reliqui
976 2369 998 2403 8
1024 2368 1283 2405 Admiramur
1301 2371 1346 2415 A,
1370 2372 1577 2406 -rabamur
1590 2373 1639 2415 H,

142 2420 276 2452 ‹ratur
302 2418 347 2459 L,
379 2419 520 2453 —rabile
548 2420 584 2453 P
702 2425 740 2456 et
767 2422 926 2465 quidem
958 2423 1034 2457 PV
1181 2424 1203 2457 9
1230 2424 1452 2468 perfectum
1480 2425 1645 2460 AGMV

149 2469 195 2503 12
221 2469 432 2506 meduliter
456 2470 531 2504 AT
625 2473 668 2506 13
693 2474 835 2508 fecisse
865 2475 940 2509 GT
1034 2475 1078 2509 15
1106 2481 1247 2510 contra
1274 2487 1485 2512 romanum
1514 2488 1639 2523 popu-

145 2521 230 2556 ium
257 2523 466 2558 fremuisse
484 2523 561 2558 DG
660 2525 703 2559 16
732 2537 811 2561 vna
826 2527 870 2570 A,
900 2538 981 2562 una
1009 2528 1064 2568 M,
1091 2529 1228 2564 inania
1255 2529 1293 2564 Ε
1389 2530 1432 2564 17
1460 2531 1638 2576 insuper]

145 2575 267 2610 israel
295 2575 366 2610 BL
440 2577 538 2611 uitio
565 2577 811 2622 BFHLPW,
838 2582 959 2615 unico
986 2581 1334 2627 AGTV'l‘oynhee,
1360 2585 1452 2617 uico
1480 2584 1526 2627 Ε,
1554 2586 1641 2619 uin—

145 2628 239 2663 culo
259 2629 309 2663 M
378 2631 598 2665 concordes
612 2631 695 2665 MT
816 2633 860 2667 18
886 2637 1008 2668 uncto
1028 2635 1321 2681 FKPToynbee

268 2712 360 2746 1-4
387 2713 453 2747 Ps.
471 2712 507 2755 2,
526 2715 633 2748 1-3.
