2002 3302
592 262 786 299 DANTIS
814 255 1127 298 MONARCHIA
1155 262 1171 297 Ι
1199 262 1232 297 4.
1617 261 1661 297 15

166 373 371 420 cundario
403 376 577 428 propter
611 371 690 414 hoc
721 370 776 414 ad
810 369 1071 425 operandum
1106 383 1180 426 per
1201 383 1321 413 suam
1351 369 1658 413 extensionem.

166 443 223 485 Et
254 442 355 496 quia
388 439 743 496 quemadmodum
776 443 841 481 est
872 439 915 481 in
950 443 1084 494 parte,
1125 439 1186 481 sic
1219 443 1285 481 est
1317 439 1359 480 in
1394 443 1497 492 toto,
1541 443 1584 481 et
1616 439 1659 480 in

168 511 338 555 homine
376 509 622 567 particulari
661 509 884 563 contingit,
927 509 1040 562 quod
1078 506 1268 558 sedendo
1310 511 1352 549 et
1400 506 1690 560 quiescendoe

157 578 396 636 prudentia
427 584 470 621 et
501 578 713 632 sapientia
745 576 838 632 ipse
870 576 1107 632 perficitur,
1142 579 1260 631 patet
1283 574 1394 629 quod
1421 588 1556 630 genus
1589 575 1660 617 hu-

5 660 12 670 ·
46 642 107 695 'u‘
166 658 334 690 manum
367 646 410 688 in
444 647 586 700 quiete
618 646 708 688 siue
740 645 1047 699 tranquillitate
1077 645 1198 699 pacis
1220 643 1275 686 ad
1299 644 1515 699 proprium
1539 656 1660 685 suum

167 728 288 771 opus,
321 714 433 769 quod
466 714 556 756 fere
590 713 778 756 diuinum
805 718 869 755 est
900 713 1020 754 iuxta
1052 712 1157 754 illud
1188 711 1390 754 ‘Minuisti
1414 725 1507 754 eum
1531 711 1690 767 paulos

166 783 305 826 minus
336 783 390 826 ab
423 781 613 838 angelis',
647 782 858 824 liberrime
891 787 1020 834 atque
1053 781 1256 823 facillime
1279 794 1325 823 se
1348 780 1488 823 habet.
1537 778 1659 822 Vnde

166 851 436 894 manifestum
482 855 546 893 est
588 850 700 904 quod
745 864 831 905 pax
871 850 1122 892 uniuersalis
1161 854 1225 891 est
1264 849 1469 904 optimum
1516 861 1659 891 eorum

143 932 249 974 ,que
296 918 352 961 ad
394 921 580 960 nostram
625 918 927 960 beatitudinem
969 918 1232 960 ordinantur.
1299 918 1407 959 Hinc
1449 915 1708 971 estquod12

165 980 408 1044 pastoribus
441 987 495 1029 de
533 1000 697 1029 sursum
740 987 893 1040 sonuit,
943 1000 1024 1028 non
1066 985 1231 1039 diuitie,
1279 1000 1360 1028 non
1403 986 1659 1040 uoluptates,

166 1069 250 1098 non
283 1055 477 1109 honores,
526 1068 608 1096 non
648 1053 869 1109 longitudo
902 1055 1003 1107 uite,
1052 1067 1135 1096 non
1173 1055 1348 1107 sanitas,
1398 1068 1480 1096 non
1519 1054 1658 1105 robur,

166 1137 250 1166 non
284 1123 537 1178 pulcritudo,
570 1122 645 1164 sed
679 1137 778 1178 pax.
821 1122 964 1175 Inquit
998 1123 1107 1164 enim
1141 1123 1313 1165 celestis
1346 1122 1516 1164 militia:
1549 1122 1659 1164 ‘Glo-
1679 1141 1708 1166 15

168 1191 233 1233 ria
263 1191 307 1232 in
338 1190 556 1233 altissimis
589 1190 670 1233 deo
703 1196 745 1232 et
777 1191 820 1232 in
853 1196 966 1232 terra
995 1205 1080 1246 pax
1105 1190 1345 1233 hominibus
1377 1191 1485 1233 bone
1518 1191 1659 1233 uolun-

168 1259 297 1304 tatis'.
362 1259 472 1301 Hinc
514 1259 643 1301 ctiam
685 1260 788 1314 ‘pax
828 1259 961 1301 uobis’
1004 1259 1119 1301 salus
1164 1258 1380 1301 hominum
1411 1259 1657 1303 salutabat.

151 1327 362 1369 ⁴Decebat
409 1327 517 1369 enim
560 1340 765 1369 summum
803 1327 1059 1369 saluatorem
1107 1340 1312 1369 summam
1361 1327 1659 1370 salutationem
1676 1346 1709 1372 18

168 1395 418 1451 exprimere.
482 1395 616 1446 Quem
658 1394 829 1448 quidem
869 1408 1023 1437 morem
1064 1408 1233 1437 seruare
1273 1394 1496 1437 uoluerunt
1535 1394 1660 1437 disci-

127 1501 131 1503 *
157 1463 254 1518 puli
286 1463 378 1506 eius
409 1468 451 1505 et
471 1463 628 1505 Paulus
659 1463 700 1504 in
734 1464 1063 1505 salutationibus
1091 1463 1192 1516 suis,
1227 1468 1272 1505 ut
1303 1463 1498 1505 omnibus
1531 1464 1660 1505 mani-

28 1525 67 1553 “””’“
117 1555 119 1557 ·
166 1529 319 1572 festum
352 1535 444 1573 esse
477 1535 632 1586 potest.
1222 1529 1224 1531 ’
1674 1553 1706 1577 21

284 1599 351 1641 Ex
383 1599 598 1654 hiiscrgo
633 1613 713 1653 que
746 1599 967 1642 declarata
1000 1604 1111 1652 sunt,
1144 1604 1279 1655 patet,
1321 1613 1395 1655 per
1429 1599 1541 1653 quod
1576 1613 1659 1642 me-

164 1668 259 1722 lius,
307 1669 391 1710 imo
441 1682 516 1724 per
558 1667 670 1721 quod
712 1668 871 1723 optime
913 1681 1047 1723 genus
1087 1668 1314 1710 humanum
1355 1669 1562 1723 pertingit
1604 1667 1659 1710 ad

59 1734 75 1780 ἶ
145 1749 272 1792 ,opus
313 1737 547 1792 proprium;
594 1742 635 1778 et
674 1750 750 1791 per
788 1749 1051 1790 consequens
1092 1737 1228 1778 uisum
1262 1740 1325 1778 est
1358 1736 1706 1792 propinquissi-24

165 1817 278 1846 mum
320 1805 518 1858 medium,
567 1818 643 1860 per
688 1804 801 1858 quod
842 1806 926 1846 itur
970 1806 1012 1846 in
1060 1804 1165 1847 illud
1211 1804 1265 1847 ad
1306 1804 1418 1858 quod
1459 1804 1575 1846 uelut
1617 1805 1660 1846 in

166 1871 357 1914 ultimum
390 1873 521 1914 finem
553 1873 693 1914 omnia
725 1873 870 1915 nostra
893 1886 1022 1928 opera
1052 1873 1313 1924 ordinantur,
1349 1872 1462 1927 quod
1486 1877 1550 1915 est
1573 1886 1659 1928 pax

165 1940 430 1994 uniuersalis,
472 1954 552 1994 que
587 1954 661 1995 pro
694 1941 904 1996 principio
938 1941 1147 1983 rationum
1181 1941 1527 1995 subsequentium
1562 1954 1658 1996 sup·
1673 1959 1706 1986 ετ

235 2079 258 2114 4
285 2078 367 2124 per]
395 2083 560 2125 propter
589 2079 633 2121 G,
662 2079 713 2114 ad
740 2079 790 2113 M
918 2080 940 2112 6
965 2079 1145 2114 sedando
1180 2080 1214 2114 V
1336 2079 1356 2113 7
1383 2079 1541 2124 perficit
1568 2080 1658 2120 ΡΜ,

165 2135 324 2180 proficit
349 2136 394 2170 H
476 2137 695 2171 humanum
722 2146 853 2182 genus
882 2136 954 2170 ΑΕ
1060 2135 1082 2170 9
1109 2135 1218 2180 quod
1247 2134 1344 2179 fere]
1381 2136 1562 2180 proferre
1588 2136 1665 2171 AV

230 2191 275 2225 10
299 2192 472 2227 facilime
498 2192 729 2227 ABDEHV
844 2193 889 2225 14
916 2202 990 2226 nec
1018 2191 1229 2236 longitudo
1257 2192 1374 2226 EFK
1455 2202 1530 2226 nec
1556 2193 1658 2227 sani-

165 2251 227 2282 tas
253 2246 329 2282 AT
424 2248 466 2283 15
492 2248 575 2292 sed]
603 2249 682 2282 imo
703 2249 752 2292 D,
778 2258 871 2292 ymo
893 2248 927 2282 G
1033 2248 1076 2282 16
1102 2248 1142 2283 in
1170 2248 1340 2282 excelsis
1360 2247 1432 2283 FG
1508 2283 1511 2286 ,
1536 2251 1579 2282 18
1605 2249 1658 2283 di-

165 2304 283 2339 cebat
308 2304 379 2339 AG
453 2315 647 2339 summam
674 2305 747 2339 sal·
774 2315 848 2339 om.
865 2304 951 2338 AM
1044 2304 1087 2338 19
1114 2314 1233 2348 quem
1252 2304 1406 2340 ABLV
1499 2305 1545 2339 24
1574 2315 1658 2350 pro—

30 2336 50 2355 ,x

165 2360 310 2406 prium]
337 2371 454 2397 suum
483 2362 518 2395 B
590 2370 643 2404 pp
670 2362 962 2406 iniquissimum
997 2361 1031 2395 V
1123 2361 1169 2395 25
1198 2361 1337 2395 modus
1365 2362 1408 2403 A,
1438 2361 1600 2396 modum
1629 2362 1663 2396 T

211 2415 404 2506 Ωὸἔρθη.
423 2423 558 2452 nostra
577 2417 693 2453 GKV
762 2418 869 2462 quod
886 2417 978 2460 ΕΜ,
998 2416 1114 2458 Quod
1131 2417 1175 2459 P,
1195 2418 1291 2462 quia
1309 2417 1655 2460 BDEGHLKTV,

167 2472 235 2516 qui

284 2599 401 2634 9-10
428 2599 490 2634 Ps.
519 2600 554 2642 S,
577 2602 626 2641 6,·
667 2600 786 2634 Hebr.
813 2601 849 2641 2,
877 2601 908 2635 7.
1034 2601 1170 2636 15-17
1197 2601 1293 2635 Luc.
1320 2600 1356 2644 2,
1383 2602 1536 2635 13-14.

168 2655 209 2690 17
242 2656 338 2691 Luc.
365 2656 423 2698 24,
449 2658 518 2696 36,·
563 2655 644 2690 [oh.
670 2656 729 2697 20,
755 2657 812 2698 21,
839 2656 899 2690 26.
1054 2656 1097 2689 19
1129 2667 1156 2691 e.
1182 2668 1219 2702 9.
1253 2667 1310 2701 ep.
1348 2657 1403 2691 ad
1432 2656 1520 2691 Gal.
1548 2658 1580 2699 1,
1609 2658 1657 2699 3,·

163 2710 268 2756 Eph.
296 2714 327 2755 1,
355 2712 403 2754 2,·
441 2714 472 2747 1.
501 2713 604 2747 Petr.
634 2714 664 2754 l,
692 2711 735 2752 2,-
777 2712 811 2746 2.
841 2712 920 2747 Ioh.
948 2715 983 2747 3.
