2002 3302
342 208 388 242 18
764 208 959 245 DANTIS
985 209 1294 246 MONARCHIA
1321 212 1339 246 I
1365 213 1398 247 6.

285 330 325 356 4⁶
340 328 441 369 ergo
463 328 590 357 unum
625 320 792 371 oportet
814 330 907 359 esse
940 319 1141 372 regulans
1162 319 1253 361 siue
1285 332 1458 374 regens;
1493 324 1534 362 et
1555 320 1637 364 hoc
1668 328 1829 367 monar-

339 382 420 424 cha
452 383 543 425 siue
574 383 806 439 imperator
838 384 924 428 dici
957 385 1098 431 debet.
1162 387 1219 429 Et
1249 388 1311 431 sic
1339 392 1458 443 patet
1491 388 1602 442 quod
1636 389 1692 431 ad
1723 391 1831 435 bene

338 463 431 493 esse
463 450 608 494 mundi
640 465 816 495 necesse
848 458 913 496 est
945 454 1235 497 monarchiam
1268 469 1360 498 esse
1392 457 1482 499 siue
1514 457 1751 512 imperium.

295 521 324 563 6
411 518 448 560 Τ
479 519 592 561 sicut
623 533 669 563 se
708 520 838 563 habet
870 536 969 577 pars
1014 522 1069 564 ad
1103 527 1252 577 totum,
1297 525 1359 567 sic
1391 524 1496 567 ordo
1540 526 1736 581 partialis
1773 527 1830 570 ad

440 589 628 633 totalem.
693 591 797 634 Pars
843 592 899 634 ad
938 597 1071 635 totum
1111 607 1156 636 se
1198 593 1328 636 habet
1366 596 1476 637 sicut
1519 596 1576 639 ad
1613 598 1745 641 finem
1786 602 1830 641 et

304 660 555 715 soptimum,
595 674 695 716 ergo
734 667 777 704 et
811 662 914 705 ordo
958 664 999 705 in
1033 668 1155 719 parte
1193 665 1249 706 ad
1282 665 1473 719 ordinem
1510 667 1554 708 in
1594 671 1684 711 toto
1715 669 1826 712 sicut

335 728 391 770 ad
424 729 555 771 finem
579 734 622 771 et
654 731 872 785 optimum.
917 732 982 773 Ex
1017 745 1098 785 quo
1123 732 1302 775 habetur
1327 733 1440 787 quod
1472 734 1641 778 bonitas
1668 735 1830 780 ordinis

333 797 529 852 partialis
568 811 650 839 non
693 798 864 841 excedit
906 800 1139 842 bonitatem
1180 802 1326 843 totalis
1358 802 1541 854 ordinis;
1582 803 1658 846 sed
1690 806 1828 860 magis

302 878 357 907 ee
403 878 621 908 conuerso.
686 866 791 909 Cum
831 880 934 921 ergo
976 866 1135 922 duplex
1173 868 1276 911 ordo
1319 870 1555 924 reperiatur
1597 872 1640 913 in
1683 873 1840 935 rebus,⁸

334 933 438 975 ordo
471 934 636 976 scilicet
674 935 858 990 partium
891 936 1000 977 inter
1031 949 1091 988 se,
1133 941 1174 978 et
1208 936 1311 978 ordo
1350 938 1533 992 partium
1566 939 1622 981 ad
1654 940 1827 994 aliquod

333 1015 459 1043 unum
494 1002 607 1056 quod
640 1016 723 1045 non
747 1008 811 1045 est
843 1017 955 1058 pars,
989 1004 1098 1046 sicut
1121 1004 1225 1046 ordo
1257 1006 1440 1060 partium
1471 1008 1685 1050 exercitus
1716 1010 1830 1052 inter

303 1083 391 1123 9se,
432 1075 474 1111 et
506 1070 611 1112 ordo
651 1084 795 1113 earum
834 1071 889 1113 ad
931 1071 1097 1125 ducem,
1139 1072 1243 1114 ordo
1282 1075 1463 1128 partium
1506 1075 1561 1116 ad
1603 1089 1730 1118 unum
1762 1081 1828 1119 est

332 1138 481 1180 melior
514 1144 713 1193 tanquam
746 1140 847 1182 finis
879 1140 1075 1189 alterius3
1117 1146 1181 1184 est
1214 1142 1325 1183 enim
1354 1142 1462 1184 alter
1494 1150 1668 1198 propter
1700 1144 1824 1193 hunc.

332 1220 416 1248 non
450 1220 473 1249 e
506 1221 724 1250 conuerso.
784 1208 906 1250 Vnde
947 1210 982 1250 si
1022 1209 1161 1251 forma
1194 1209 1316 1252 huius
1349 1210 1510 1254 ordinis
1541 1213 1749 1267 reperitur
1779 1213 1825 1256 in

284 1292 317 1317 12
331 1275 525 1330 partibus
558 1275 740 1318 humane
764 1276 1057 1330 multitudinis,
1092 1277 1222 1319 multo
1255 1279 1392 1332 magis
1415 1278 1543 1334 dehet
1574 1281 1750 1336 reperiri
1781 1282 1823 1324 in

331 1344 425 1398 ipsa
456 1344 727 1386 multitudine
759 1345 849 1386 siue
882 1345 1094 1387 totalitate
1126 1358 1203 1400 per
1239 1347 1323 1388 uim
1366 1346 1587 1401 sillogismi
1618 1349 1826 1404 premissi,

333 1424 425 1454 cum
460 1413 515 1454 sit
552 1411 655 1454 ordo
696 1413 843 1454 melior
881 1413 971 1455 siue
1011 1413 1149 1455 forma
1181 1413 1353 1456 ordinis.
1417 1414 1503 1456 Sed
1544 1418 1752 1471 reperitur
1782 1417 1826 1459 in

282 1496 317 1522 15
333 1481 526 1522 omnibus
558 1481 750 1534 partibus
784 1480 964 1522 humane
995 1480 1290 1535 multitudinis,
1323 1487 1369 1523 ut
1400 1495 1476 1536 per
1508 1495 1560 1524 ea
1593 1496 1673 1536 que
1706 1483 1824 1526 dicta

331 1554 427 1590 sunt
458 1550 501 1590 in
543 1549 730 1603 capitulo
771 1548 1035 1603 precedenti,
1078 1549 1182 1591 satis
1215 1554 1279 1591 est
1311 1551 1605 1603 manifestum
1645 1564 1746 1605 ergo
1779 1556 1822 1594 et

331 1604 374 1657 in
406 1608 502 1671 ipsa
525 1617 739 1659 totalitate
763 1617 938 1671 reperiri
972 1616 1114 1658 debet.
1168 1617 1224 1658 Et
1247 1618 1308 1660 sic
1341 1631 1484 1661 omnes
1505 1623 1650 1673 partes
1676 1632 1823 1674 preno-

282 1701 316 1726 ιε
331 1688 421 1726 tate
453 1685 566 1726 infra
610 1698 743 1739 regna
782 1690 825 1726 et
856 1685 950 1739 ipsa
982 1698 1115 1739 regna
1160 1685 1347 1727 ordinari
1392 1686 1549 1728 debent
1593 1686 1650 1729 ad
1694 1701 1822 1730 unum

331 1753 565 1808 principem
609 1754 699 1795 siue
744 1753 1043 1807 principatum,
1091 1752 1170 1795 hoc
1210 1758 1287 1806 est,
1333 1753 1387 1795 ad
1428 1754 1701 1797 monarcham
1733 1757 1824 1798 siue

331 1821 633 1864 monarchiam.

426 1959 472 1993 45
499 1959 607 2004 Ergo
636 1953 833 1995 HKLPV
925 1960 989 1994 hic
1017 1959 1219 1993 ABDLM
1310 1961 1542 1994 monarchia
1568 1961 1759 1996 ADGPV

330 2017 376 2051 47
417 2017 553 2062 glossa
584 2016 700 2052 Nota.
752 2018 846 2061 quia
886 2017 1107 2062 equipollat
1150 2018 1422 2051 monarchiam
1462 2022 1501 2052 et
1539 2018 1821 2060 imperatorem

331 2073 427 2108 add.
451 2074 485 2109 V

450 2130 473 2163 6
498 2130 573 2164 ΑΒ
591 2140 671 2165 non
692 2129 879 2165 indicant
898 2129 991 2164 novi
1008 2128 1157 2174 capitis
1176 2128 1343 2164 initium
1433 2130 1451 2163 1
1480 2130 1735 2174 particularis
1749 2129 1826 2165 FGr*

330 2186 425 2220 3—4
451 2197 550 2230 ergo
567 2206 610 2210 —
628 2188 820 2231 optimum
849 2197 923 2221 om.
950 2187 1038 2220 ΕΜ
1160 2186 1181 2221 5
1206 2187 1459 2231 particularis
1484 2186 1558 2221 EG
1684 2187 1706 2220 6
1733 2196 1822 2221 con-

330 2244 455 2277 trario
483 2243 565 2276 HT
727 2243 747 2276 7
781 2243 878 2277 ordo
906 2254 981 2277 om.
1013 2242 1091 2277 GV
1204 2244 1365 2277 inter—
1382 2244 1554 2287 partium
1584 2253 1658 2277 om.
1676 2244 1715 2277 Ε

331 2299 352 2333 8
370 2309 495 2333 unum
509 2318 549 2322 —
562 2300 736 2344 partium
755 2299 946 2343 leyuntur
960 2298 1005 2333 in
1024 2300 1070 2333 10
1086 2301 1178 2343 post
1197 2299 1335 2333 melior
1351 2299 1396 2332 H
1475 2299 1520 2332 10
1537 2299 1652 2332 aliter
1666 2297 1829 2333 ΗΚΜΡ

382 2356 422 2388 11
452 2365 532 2389 non
560 2362 599 2389 et
625 2365 646 2390 e
674 2365 871 2389 conuerso
887 2356 1004 2389 EPV
1074 2356 1275 2389 contrario
1291 2355 1371 2388 HT
1467 2355 1511 2388 13
1537 2365 1608 2399 per
1626 2353 1722 2398 uim]
1749 2364 1822 2399 per

332 2421 454 2445 vnum
483 2411 525 2453 A,
567 2421 638 2455 per
665 2412 749 2445 veri
783 2411 821 2453 T,
862 2412 1016 2456 parium
1043 2413 1091 2454 H,
1132 2412 1333 2456 parseium
1361 2411 1411 2445 M
1525 2412 1569 2446 13
1595 2411 1711 2446 simili
1736 2411 1822 2455 AD,

331 2468 392 2502 -lis
419 2469 471 2511 M,
499 2469 590 2502 -lius
622 2468 655 2502 Τ
762 2468 901 2502 14-15
927 2466 1005 2503 Sed
1024 2488 1064 2492 —
1082 2468 1349 2502 multitudinis
1375 2478 1449 2502 om.
1469 2469 1507 2502 E
1616 2468 1754 2517 16-17
1779 2469 1824 2503 in·

333 2544 375 2548 —
392 2524 511 2559 debet
538 2535 611 2558 om.
634 2525 679 2558 M
783 2525 826 2558 16
854 2531 892 2558 et
919 2534 993 2558 om.
1014 2523 1207 2558 ADFHP
1235 2571 1240 2575 .
1306 2524 1350 2559 17
1376 2525 1574 2569 reperitur
1600 2525 1686 2559 siue
1712 2534 1826 2568 repe—

332 2582 401 2615 riri
429 2581 556 2616 BLW
651 2581 694 2615 19
722 2582 991 2616 monarchiam
1021 2583 1108 2616 siue
1135 2582 1393 2616 monarcham
1421 2581 1495 2615 FP
