2002 3302
348 256 396 291 44
773 256 967 292 DANTIS
994 256 1303 302 MONARCHIA
1331 258 1369 293 II
1395 260 1427 294 3.

349 364 467 417 iugio
512 363 781 406 nobilitatum
826 365 960 407 fuisse
1002 366 1181 420 reperio.
1252 366 1395 409 Prima
1432 381 1615 422 namque
1660 369 1843 412 coniunx

350 431 525 484 Creusa,
559 431 717 473 Priami
751 433 865 486 regis
897 432 1005 485 filia,
1039 433 1093 474 de
1127 434 1228 475 Asia
1261 434 1355 486 fuit,
1389 439 1435 476 ut
1467 435 1661 491 superius
1693 435 1840 479 haberi

291 518 332 542 <39
348 503 491 554 potest
534 512 611 554 per
656 513 707 541 ea
752 513 834 553 que
879 499 997 542 dicta
1041 506 1149 542 sunt.
1219 502 1275 543 Et
1317 502 1431 555 quod
1474 503 1603 545 fuerit
1644 505 1841 558 coniunx,

349 567 635 609 testimonium
671 568 866 622 perhibet
898 573 1040 610 noster
1063 574 1191 623 poeta
1213 570 1254 610 in
1279 570 1418 622 tertio,
1450 571 1522 612 ubi
1544 571 1840 615 Andromache

348 635 402 677 de
435 636 622 678 Ascanio
654 637 745 678 filio
779 637 938 678 Eneam
972 637 1209 690 genitorem
1243 638 1478 691 interrogat
1510 639 1590 681 sic:

291 722 328 748 τε
461 703 590 754 ‘Quid
623 717 727 759 puer
759 704 1003 747 Ascanius?
1036 710 1264 759 superatne
1297 710 1339 747 et
1372 709 1558 748 uescitur
1589 708 1723 750 aura?

467 786 589 826 quem
625 773 700 814 tibi
735 773 818 814 iam
853 772 982 814 Troia
1015 774 1183 828 peperit
1215 774 1404 816 fumante
1439 775 1620 818 Creusa’.

347 839 546 882 Secunda
596 840 708 882 Dido
756 841 850 893 fuit,
900 840 1050 895 regina
1098 847 1141 883 et
1194 847 1330 884 mater
1377 842 1745 898 Cartaginensium
1799 846 1842 887 in
1896 853 1935 887 f

292 908 539 961 *15Affrica3
588 914 630 950 et
663 908 776 962 quod
809 909 939 951 fuerit
973 909 1171 963 coniunx,
1214 909 1326 952 idem
1359 915 1502 953 noster
1533 916 1662 966 poeta
1693 913 1839 955 uatici-

346 980 472 1018 natur
504 977 546 1018 in
580 982 751 1030 quarto3
784 977 921 1030 inquit
954 978 1064 1019 enim
1099 977 1151 1019 de
1184 978 1375 1020 Didone:

491 1045 598 1088 ‘Nec
631 1046 714 1086 iam
749 1045 951 1087 furtiuum
988 1045 1099 1087 Dido
1131 1045 1361 1087 meditatur
1392 1060 1598 1100 amorem3

292 1131 330 1157 τε
493 1114 736 1167 coniugium
771 1118 915 1160 uocat:
951 1113 1032 1155 hoc
1064 1114 1251 1168 protexit
1283 1115 1452 1156 nomine
1486 1115 1681 1170 culpam’.

351 1181 500 1223 Tertia
519 1181 701 1223 Lauinia
734 1182 828 1235 fuit,
865 1182 1124 1223 Albanorum
1144 1182 1514 1237 Romanorumque
1545 1188 1694 1238 mater,
1726 1185 1840 1239 regis

347 1249 492 1290 Latini
518 1250 611 1291 filia
644 1251 805 1304 pariter
838 1254 880 1292 et
912 1250 1048 1303 heres,
1083 1251 1115 1291 si
1140 1263 1287 1292 uerum
1311 1256 1374 1292 est
1398 1252 1682 1293 testimonium
1706 1252 1839 1295 nostri

289 1336 326 1360 81
346 1322 472 1372 poete
504 1318 547 1359 in
570 1318 734 1372 ultimo,
767 1319 839 1359 ubi
857 1319 1045 1359 Turnum
1070 1319 1228 1360 uictum
1252 1319 1498 1373 introducit,
1533 1325 1721 1362 orantem
1745 1333 1841 1376 sup-

348 1385 517 1439 pliciter
550 1386 605 1428 ad
643 1387 803 1428 Eneam
837 1387 918 1429 sic:

767 1455 956 1508 eVicisti3
991 1459 1032 1496 et
1064 1455 1222 1497 uictum
1257 1455 1431 1497 tendere
1464 1456 1628 1511 palmas

291 1541 329 1565 84
565 1523 742 1564 Ausonii
777 1522 942 1564 uidere:
977 1527 1050 1564 tua
1083 1527 1147 1564 est
1180 1523 1362 1564 Lauinia
1397 1525 1601 1565 coniunx’.

350 1589 441 1640 Que
489 1590 638 1631 ultima
687 1603 793 1632 uxor
841 1590 895 1632 de
943 1590 1230 1635 Ytaliafuit.
1283 1591 1454 1646 Europe
1506 1592 1682 1645 regione
1728 1593 1843 1634 nobi·

348 1657 522 1700 lissima.

295 1745 332 1770 ετ
471 1727 564 1769 Hiis
597 1728 746 1780 itaque
779 1727 834 1768 ad
869 1727 1127 1769 euidentiam
1160 1727 1458 1782 subassumpte
1490 1729 1740 1782 prenotatis,
1775 1729 1842 1770 eui

349 1807 432 1836 non
466 1796 570 1836 satis
603 1808 850 1850 persuasum
885 1799 963 1848 est,
997 1796 1158 1836 romani
1192 1795 1336 1850 populi
1370 1799 1549 1850 patrem,
1583 1800 1625 1837 et
1652 1808 1728 1850 per
1750 1808 1846 1838 con-

349 1875 532 1915 sequens
566 1864 704 1918 ipsum
740 1864 941 1918 populum
974 1863 1280 1906 nobilissimum
1314 1863 1446 1905 fuisse
1479 1864 1556 1905 sub
1589 1863 1712 1906 celo‘?
1759 1864 1846 1906 Aut

297 1950 335 1975 90
350 1943 474 1984 quem
518 1932 559 1972 in
603 1931 675 1973 illo
715 1930 876 1986 duplici
917 1944 1123 1973 concursu
1161 1932 1380 1984 sanguinis
1422 1945 1447 1972 a
1480 1931 1669 1985 qualibet
1700 1930 1844 1972 mundi

350 2003 473 2053 parte
507 1999 548 2040 in
584 2012 711 2041 unum
746 2000 878 2040 uirum
915 1998 1222 2054 predestinatio
1256 1998 1402 2040 diuina
1434 1998 1617 2041 latebit?
1679 2031 1682 2033 .

471 2111 515 2145 67
554 2112 744 2155 coniugio
778 2111 908 2156 ipsum
943 2111 1196 2145 nobilitatum
1226 2112 1258 2145 B
1418 2110 1464 2144 69
1502 2119 1550 2144 ea
1589 2120 1667 2155 que
1704 2120 1779 2145 om.
1803 2110 1842 2144 D

350 2167 397 2202 70
424 2167 653 2201 testimonia
682 2167 755 2201 BL
894 2171 1013 2212 poeta
1041 2167 1177 2201 dicens
1204 2167 1244 2200 in
1270 2166 1345 2200 AT
1464 2166 1735 2200 andromacha
1761 2166 1854 2200 DM

351 2223 393 2257 71
423 2223 615 2257 aschanio
631 2223 754 2257 DHV
870 2224 1012 2257 interr-
1041 2233 1104 2257 om
1124 2223 1163 2257 D
1286 2223 1330 2257 72
1357 2222 1471 2263 Quod
1499 2223 1579 2258 BV
1709 2223 1754 2256 73
1779 2223 1847 2257 fir-

351 2283 487 2313 mante
513 2279 560 2321 B,
605 2279 827 2313 fumantem
854 2279 926 2313 FG'
1079 2279 1125 2313 74
1152 2279 1226 2312 fuit
1253 2278 1354 2312 Dido
1380 2278 1545 2313 DGMV
1672 2278 1717 2312 75
1743 2269 1775 2312 δὲ
1800 2278 1846 2313 84

345 2336 499 2370 ‘coniux
521 2335 668 2369 BEPV
808 2335 853 2369 75
881 2339 1001 2378 poeta
1027 2334 1156 2378 EMP,
1194 2345 1267 2369 om.
1284 2333 1598 2375 ADFGHKTV,
1636 2337 1750 2369 uates
1775 2333 1846 2369 BL

352 2392 398 2426 78
431 2392 506 2426 hoc
534 2402 607 2425 om.
625 2391 709 2426 DV
842 2391 927 2426 hoc.
959 2391 1131 2435 pretexit
1159 2390 1235 2424 BP
1370 2391 1489 2434 culpa
1515 2390 1593 2424 EF
1706 2390 1846 2424 79-86

349 2448 491 2482 Tertia
508 2467 549 2472 —
566 2448 814 2482 nobilissima
841 2458 913 2482 om.
931 2447 1006 2481 AT
1167 2446 1212 2480 79
1240 2446 1388 2481 lamina
1414 2446 1461 2488 Β,
1487 2445 1626 2480 lauina
1652 2446 1733 2480 ΡΗ

351 2505 398 2538 82
424 2504 657 2549 simpliciter
671 2503 794 2545 BGL,
821 2504 1002 2538 similiter
1025 2504 1067 2538 H
1209 2503 1255 2537 83
1282 2502 1461 2546 tendere]
1489 2502 1660 2538 reddere
1679 2502 1752 2537 BL

348 2560 494 2594 89—90
520 2563 736 2604 antequam
766 2559 853 2595 GM
963 2559 1007 2594 91
1035 2560 1190 2604 patebit
1218 2558 1293 2593 AT

472 2643 612 2678 72—73
645 2643 755 2687 Vera.
781 2642 876 2678 Aen.
899 2645 935 2685 3,
959 2643 1181 2678 339—340.
1328 2642 1469 2677 77—78
1495 2641 1588 2676 Aen.
1617 2645 1651 2682 4,
1679 2640 1845 2675 171-2.

348 2699 495 2734 83-84
521 2698 618 2734 ibid.
639 2700 698 2742 12,
716 2701 875 2734 936—7.
1712 2710 1714 2713 ’
