2002 3302
386 274 433 309 38
531 260 533 262 ’
809 274 1009 321 οΑΝΤΙε
1028 276 1337 314 MoNARoHIA
1363 279 1401 314 11
1428 281 1457 315 1.

390 381 464 424 illo
504 382 690 426 clamare
727 397 898 439 possum
939 397 1015 439 pro
1048 385 1205 440 populo
1238 386 1436 440 glorioso,
1485 402 1562 444 pro
1602 402 1761 445 cesare,
1812 393 1887 446 qui

339 463 373 489 21
389 464 466 505 pro
506 452 698 507 principe
738 452 818 494 celi
859 451 1094 495 clamabat:
1141 453 1297 505 ‘Quare
1330 455 1592 499 fremuerunt
1631 464 1798 513 gentes,
1841 463 1889 503 et

388 519 534 574 populi
583 519 780 562 meditati
828 524 925 563 sunt
973 521 1149 564 inania?
1212 524 1452 566 Astiterunt
1498 538 1622 579 reges
1670 530 1794 582 terre,
1817 539 1819 541 ’
1843 521 1892 571 et

388 586 604 643 principes
650 593 940 631 conuenerunt
977 589 1020 631 in
1060 603 1187 632 unum
1227 590 1432 635 aduersus
1472 592 1707 636 dominum
1731 600 1775 638 et
1811 595 1888 639 ad-

338 668 373 693 24
389 667 533 697 uersus
566 654 779 698 Christum
813 656 933 698 eius’.

507 723 667 765 Verum
701 724 801 778 quia
836 724 1044 768 naturalis
1077 740 1193 768 amor
1228 727 1471 771 diuturnam
1505 743 1598 773 esse
1631 730 1889 775 derisionem

387 805 470 834 non
510 793 683 847 patitur,
735 792 812 835 sed
852 798 898 835 ut
939 794 1002 836 sol
1036 794 1196 838 estiuus
1229 795 1421 840 disiectis
1453 798 1631 841 nebulis·
1651 799 1890 854 matutinis,

339 873 371 899 27
388 860 528 903 oriens
561 860 798 904 luculenter
830 861 1022 917 irradiat,
1057 862 1270 906 derisione
1294 865 1463 916 omissa,
1497 865 1635 909 lucem
1661 867 1890 911 correctio·
1955 866 1957 869 ’

387 928 451 970 nis
493 928 719 972 effundere
759 931 934 985 mauult,
983 930 1039 973 ad
1081 930 1406 987 dirumpendum
1440 933 1611 976 uincula
1642 935 1889 988 ignorantie

388 1009 535 1050 regum
569 1002 697 1051 atque
730 997 971 1054 principum
1005 999 1167 1053 talium,
1210 999 1266 1041 ad
1299 1000 1608 1044 ostendendum
1641 1016 1776 1058 genus
1809 1003 1884 1046 hu-

334 1079 369 1104 30
388 1078 558 1107 manum
591 1065 771 1108 liberum
805 1081 831 1109 a
861 1067 962 1122 iugo
995 1068 1195 1123 ipsorum,
1245 1082 1340 1111 eum
1373 1070 1585 1125 propheta
1616 1072 1889 1115 sanctissimo

371 1147 524 1194 'meme
557 1134 866 1188 subsequenter
899 1136 1084 1186 ortabor,
1119 1137 1424 1191 subsequenti-a
1449 1138 1768 1182 subassumens:
1798 1139 1889 1181 ‘Di-

387 1214 646 1257 rumpamus,
686 1202 904 1257 uidelicet,
945 1204 1115 1247 uincula
1148 1218 1306 1260 eorum,
1341 1210 1383 1248 et
1415 1206 1674 1262 proiciamus
1705 1221 1732 1250 a
1762 1207 1891 1251 nobis

337 1282 372 1308 38
388 1269 532 1324 iugum
566 1270 777 1325 ipsorum'.

512 1338 603 1380 Hec
636 1338 834 1393 equidem
869 1339 953 1383 duo
986 1341 1092 1383 fient
1124 1341 1405 1397 sufficienter,
1454 1344 1489 1385 si
1526 1341 1755 1385 secundam
1793 1357 1888 1399 par·
1953 1394 1955 1396 ,
1983 1373 1998 1395 f

391 1410 475 1448 tem
509 1408 721 1462 presentis
754 1409 962 1464 propositi
994 1413 1244 1465 prosecutus
1283 1410 1418 1464 fuero,
1465 1415 1507 1453 et
1538 1411 1736 1454 instantis
1766 1423 1887 1465 ques·

342 1487 376 1514 36
391 1474 519 1517 tionis
558 1476 781 1518 ueritatem
821 1476 1062 1519 ostendero.
1125 1478 1237 1521 Nam
1274 1492 1351 1533 per
1392 1478 1472 1521 hoc
1513 1478 1626 1532 quod
1666 1492 1888 1522 romanum

392 1542 612 1597 imperium
648 1542 702 1585 de
734 1544 824 1586 iure
857 1545 988 1587 fuisse
1020 1545 1335 1599 monstrabitur,
1373 1559 1455 1588 non
1494 1546 1628 1588 solum
1662 1547 1726 1588 ab‘
1749 1546 1890 1589 oculis

358 1640 361 1643 -
391 1623 539 1664 regum
573 1615 616 1653 et
648 1612 887 1667 principum
921 1613 991 1666 qui
1024 1612 1316 1667 gubernacula
1346 1613 1519 1668 publica
1550 1614 1631 1656 sibi
1663 1617 1886 1669 usurpant,

340 1676 471 1720 sohoc
503 1678 641 1734 ipsum
675 1678 730 1722 de
762 1693 937 1722 romano
971 1680 1126 1736 populo
1159 1680 1422 1723 mendaciter
1455 1682 1723 1735 extimantes,
1761 1681 1886 1737 igno·
1912 1674 1926 1680 ’μ

390 1746 527 1788 rantie
560 1747 716 1789 nebula
749 1748 927 1802 eluetur,
960 1748 1035 1791 sed
1069 1748 1269 1792 mortales
1302 1762 1447 1791 omnes
1479 1762 1572 1792 esse
1604 1762 1650 1792 se
1681 1750 1837 1792 liberos
1858 1763 1890 1792 a

389 1815 490 1869 iugo
523 1816 584 1858 sie
617 1817 910 1872 usurpantium
943 1822 1265 1872 recognoscent.
1328 1816 1498 1859 Veritas
1529 1821 1671 1860 autem
1701 1818 1887 1871 questio-

339 1896 375 1921 42
389 1883 455 1925 nis
495 1888 644 1939 patere
683 1890 823 1940 potest
861 1899 945 1927 non
983 1886 1117 1928 solum
1156 1885 1312 1929 lumine
1351 1886 1527 1928 rationis
1565 1885 1760 1939 humane,
1808 1884 1887 1928 sed

391 1952 519 1995 etiam
543 1952 663 1995 radio
687 1952 831 1996 diuine
860 1955 1140 1999 auctoritatis.
1191 1953 1282 2005 Que
1305 1953 1389 1996 duo
1414 1967 1508 1996 eum
1531 1953 1655 1996 simul
1678 1952 1734 1995 ad
1755 1966 1888 1995 unum

327 2048 330 2053 -
392 2026 659 2076 concurrunt,
679 2022 817 2064 celum
835 2027 878 2065 et
899 2027 1054 2065 terram
1076 2023 1199 2065 simul
1215 2022 1420 2065 assentire
1441 2034 1616 2064 neeesse
1635 2026 1714 2064 est.
1746 2021 1889 2075 Igitur

507 2126 554 2162 20
579 2127 752 2172 glorioso
771 2132 810 2164 et
830 2139 901 2173 pro
916 2130 956 2164 W
1032 2129 1079 2164 20
1106 2130 1147 2164 -1
1169 2140 1242 2175 pro
1258 2128 1615 2175 pop-—clamabat
1633 2128 1758 2163 om.F
1811 2137 1888 2172 pro

391 2189 580 2214 cesare—
592 2181 705 2215 clam·
725 2182 848 2216 om.D
921 2182 967 2217 26
986 2183 1139 2218 estiuus
1156 2182 1584 2226 disiectisA1,estiuus
1599 2181 1723 2227 quid-
1734 2178 1889 2226 reliqui

392 2232 557 2268 deiectis
577 2234 726 2268 BELP
820 2235 865 2269 ‘27
891 2235 1116 2271 luculenter
1131 2236 1291 2272 BDGK
1295 2236 1333 2280 T,
1361 2237 1439 2271 loc-
1458 2235 1503 2277 A,
1528 2235 1759 2270 luculentus
1772 2233 1888 2269 ΓΗΒ

391 2285 489 2328 PW,
525 2291 623 2321 -tum
650 2287 706 2329 Μ,
746 2288 973 2323 lucolentus
1003 2290 1044 2332 V,
1075 2289 1328 2324 illoculentus
1354 2289 1392 2323 Ε
1461 2287 1636 2323 inradiat
1661 2287 1750 2321 ΕΜ
1815 2286 1886 2321 ob·
1935 2322 1937 2324 .

391 2339 511 2374 missa
526 2338 644 2374 ΑΕΗ
648 2341 682 2376 V
752 2342 1015 2386 correptionis
1029 2342 1118 2377 MV
1209 2342 1254 2376 28
1280 2342 1403 2376 malui
1421 2340 1630 2375 effundere
1645 2340 1718 2374 BL
1790 2338 1886 2373 mal-

392 2391 464 2426 luit
480 2392 522 2435 A,
542 2392 683 2427 maluit
698 2393 738 2427 F
805 2393 844 2427 31
869 2404 932 2429 me
946 2394 1021 2429 BT
1089 2395 1399 2438 subsequentem
1419 2393 1558 2436 Εεάἀ,
1586 2396 1750 2437 -quatur
1765 2390 1892 2427 GLM

391 2443 437 2479 32
463 2445 652 2480 uidelicet
680 2457 754 2481 om.
769 2445 844 2481 AD
940 2447 987 2482 34
1013 2447 1175 2492 quidem
1191 2447 1379 2483 DFGPV
1471 2447 1517 2481 35
1543 2447 1669 2491 partis
1689 2445 1895 2490 presentis

392 2499 707 2543 propositionem
742 2493 778 2535 V
897 2500 944 2535 38
971 2500 1147 2546 publica]
1176 2511 1306 2545 pauca
1333 2500 1426 2534 HM
1556 2499 1602 2534 39
1627 2497 1788 2546 populo]
1814 2499 1888 2534 im·

392 2553 504 2596 perio
533 2553 614 2588 GH
711 2554 988 2589 existimantes
1014 2555 1221 2590 EHPVW
1335 2554 1383 2589 40
1409 2553 1604 2590 euelletur
1631 2553 1714 2597 BL,
1742 2552 1887 2588 elleno-

392 2607 459 2640 tur
477 2606 522 2651 Α,
550 2607 625 2641 ale·
647 2607 692 2652 G,
720 2608 856 2643 eluent
875 2608 929 2651 M,
956 2608 1200 2643 clarueritD
1279 2618 1322 2643 se
1349 2617 1436 2643 esse
1450 2607 1534 2642 ΒΗ
1604 2616 1693 2642 esse
1718 2615 1791 2640 om.
1806 2604 1888 2656 ΡΘ

392 2670 435 2695 se
463 2671 536 2696 om.
554 2661 633 2697 GV
726 2661 767 2696 41
798 2665 1138 2707 recognoscerent
1165 2662 1210 2705 F,
1237 2665 1311 2696 -ret
1329 2662 1366 2696 P
1437 2659 1578 2706 quest.]
1604 2660 1724 2695 huius
1749 2668 1817 2704 qu·
1831 2657 1885 2701 D,

391 2720 518 2749 comis
544 2715 590 2757 F,
617 2720 699 2750 cois
722 2715 759 2749 P
923 2715 971 2749 44
997 2718 1240 2750 concurrant
1273 2715 1308 2750 V
1422 2713 1549 2759 ‘Ergo
1575 2713 1622 2757 B,
1650 2722 1748 2758 ergo
1773 2710 1888 2747 AFL
