2002 3302
397 236 465 271 108
782 233 976 270 DANTIS
998 232 1312 270 MONARCHIA
1338 233 1398 269 111
1424 234 1480 270 16.

400 344 442 385 in
483 341 670 386 secundo
709 341 763 384 de
805 342 946 384 anima
987 355 1080 384 cum
1122 341 1250 383 dixit:
1298 341 1366 383 ‘Et
1399 342 1532 384 solum
1566 341 1645 384 hoc
1685 342 1893 397 contingit

398 411 588 467 separari
623 415 822 465 tanquam
856 414 1103 466 perpetuum
1138 424 1162 451 a
1197 408 1488 465 corruptibili’.

350 497 381 520 ει
518 479 563 522 Si
607 492 709 533 ergo
751 478 874 521 homo
908 478 1091 521 medium
1126 477 1340 532 quoddam
1374 482 1437 520 est
1481 477 1818 533 corruptibilium
1851 482 1894 521 et

398 549 791 604 incorruptibilium,
841 561 932 590 cum
969 561 1091 589 omne
1123 547 1309 588 medium
1343 546 1484 601 sapiat
1516 551 1710 588 naturam
1742 550 1887 594 extre-

398 631 572 670 morum,
607 629 780 659 necesse
813 621 876 658 est
909 616 1119 658 hominem
1153 628 1307 670 sapere
1340 619 1562 668 utramque
1595 619 1804 657 naturam.
1839 614 1894 656 Et

348 702 380 726 24
398 699 491 728 curn
526 686 660 727 omnis
694 690 842 727 natura
888 684 943 726 ad
989 685 1179 725 ultimum
1227 682 1438 737 quendam
1484 682 1612 724 finem
1660 682 1890 736 ordinetur,

398 755 667 807 consequitur
706 758 750 794 ut
790 753 971 794 hominis
1011 752 1167 806 duplex
1215 751 1314 793 finis
1348 752 1517 803 existat,
1566 755 1612 793 ut
1643 751 1755 793 sicut
1783 751 1893 793 inter

397 823 538 865 onmia
584 823 699 863 entia
743 821 858 864 solus
903 820 1349 875 incorruptibilitatem
1401 824 1443 861 et
1491 818 1890 874 corruptibilitatem

350 907 381 932 27
397 891 643 946 participat,
692 889 753 931 sic
786 890 899 932 solus
932 889 1040 931 inter
1074 888 1214 930 onmia
1238 888 1363 937 *entia
1396 888 1438 928 in
1478 886 1561 928 duo
1595 887 1744 929 ultima
1782 886 1892 929 ordi-

397 965 531 1010 netur,
566 972 740 1012 quorum
776 958 951 1000 alterum
986 958 1040 999 sit
1073 957 1173 999 finis
1207 957 1309 1008 eius,
1344 960 1468 1010 prout
1504 954 1789 1010 corruptibilis
1811 959 1889 1007 cst,

398 1028 576 1069 alterum
610 1040 723 1079 uero,
757 1031 882 1081 prout
914 1025 1260 1080 incorruptibilis.

350 1112 384 1136 :³0
517 1096 635 1137 Duos
667 1095 797 1149 igitur
829 1095 939 1136 fines
971 1093 1241 1149 prouidentia
1279 1092 1351 1133 illa
1391 1090 1688 1133 inenarrabilis
1732 1090 1893 1134 homini

398 1165 617 1220 proposuit
650 1162 953 1205 intendendos:
983 1161 1294 1204 beatitudinem
1319 1160 1484 1202 scilicet
1515 1158 1639 1201 huius
1670 1159 1771 1212 uite,
1813 1171 1894 1212 que

399 1234 440 1274 in
481 1233 729 1287 operatione
777 1231 947 1286 proprie
995 1231 1163 1273 uirtutis
1208 1229 1399 1271 consistit
1443 1232 1485 1269 et
1529 1240 1604 1282 per
1642 1230 1894 1283 ‘terrestrem

350 1318 383 1343 33
400 1300 642 1357 paradisum
677 1301 900 1354 figuratur,
935 1304 977 1341 et
1012 1297 1316 1341 beatitudinem
1351 1297 1444 1342 nite,
1473 1301 1629 1349 eterne,
1683 1308 1765 1349 que
1797 1308 1894 1338 con-

400 1370 510 1414 sistit
551 1369 593 1410 in
637 1369 837 1410 fruitione
881 1367 1013 1409 diuini
1047 1372 1258 1422 aspectus,
1308 1365 1363 1407 ad
1397 1378 1522 1419 quam
1555 1364 1729 1420 propria
1763 1364 1895 1411 uirtus

400 1437 633 1482 ascendere
678 1451 760 1479 non
806 1441 962 1492 potest,
1010 1435 1089 1477 nisi
1134 1435 1290 1476 lumine
1324 1433 1467 1475 diuino
1501 1432 1661 1482 adiuta,
1707 1445 1789 1486 que
1819 1419 1915 1487 per*

352 1523 385 1548 36
401 1505 644 1562 paradisum
679 1505 878 1546 celestem
912 1503 1093 1557 intelligi
1128 1501 1265 1546 datur.

521 1572 586 1614 Ad
621 1572 698 1615 has
731 1571 900 1625 quidem
934 1569 1235 1618 beatitudineS,
1270 1569 1387 1611 uelut
1421 1568 1475 1610 ad
1509 1567 1702 1610 diuersas
1725 1566 1893 1610 conclu-

401 1643 554 1695 siones,
587 1654 663 1696 per
696 1640 866 1682 diuersa
898 1638 1040 1681 media
1072 1638 1217 1680 uenire
1251 1642 1432 1692 oportet,
1496 1637 1604 1685 Nam
1628 1635 1683 1677 ad
1716 1635 1893 1691 primam

353 1732 386 1756 39
402 1724 476 1766 per
510 1709 821 1765 phylosophica
854 1707 1107 1749 documenta
1141 1706 1346 1759 uenimus,
1380 1703 1607 1747 dnmmodo
1639 1703 1712 1746 illa
1743 1716 1893 1756 sequa·
1928 1748 1959 1756 Μ

403 1793 506 1834 mur,
540 1777 769 1821 secundum
804 1778 979 1819 uirtutes
1012 1775 1195 1818 morales
1229 1778 1269 1816 ct
1309 1772 1622 1815 intellectuales
1662 1770 1894 1827 operando.

403 1847 470 1890 Ad
502 1846 733 1890 secundam
767 1859 867 1887 uero
901 1858 975 1899 per
1008 1844 1264 1886 documenta
1296 1841 1537 1897 spiritualia
1560 1853 1642 1895 que
1668 1840 1894 1882 humanam

354 1937 388 1962 42
403 1916 607 1958 rationem
651 1912 967 1966 transcendunt,
1003 1911 1230 1953 dummodo
1270 1911 1343 1952 illa
1383 1922 1622 1963 sequamur,
1663 1906 1894 1950 secundum

403 1985 581 2026 uirtutes
615 1982 879 2036 theologicas
911 1979 1142 2036 operando,
1188 1979 1332 2028 fidem,
1366 1991 1483 2033 spem
1517 1976 1683 2019 scilicet
1714 1979 1757 2017 et
1789 1975 1894 2017 cari·

405 2057 548 2095 tatem.
614 2051 702 2092 Has
740 2051 868 2105 igitur
902 2049 1193 2091 conclusiones
1226 2051 1268 2089 et
1302 2045 1457 2099 media,
1490 2045 1591 2087 licet
1613 2048 1786 2087 ostensa
1812 2042 1896 2085 sint

523 2188 564 2221 21
596 2192 654 2222 est
680 2187 883 2231 quoddam
906 2185 1137 2219 BDHKLP
1207 2183 1322 2218 95—7
1351 2182 1612 2226 consequitur
1628 2200 1670 2204 —
1687 2179 1898 2215 ordinetur

387 2245 533 2280 -0m.E
604 2244 650 2278 25
676 2244 858 2288 sequitur
880 2242 999 2285 BFL,
1026 2245 1120 2275 tunc
1148 2251 1229 2284 seq·
1252 2240 1296 2282 G,
1326 2249 1415 2273 cum
1436 2248 1520 2282 seq-
1533 2238 1569 2273 V
1653 2236 1698 2271 25
1718 2233 1897 2280 hominis]

407 2303 532 2337 omnis
555 2301 630 2336 GT
698 2301 743 2334 28
770 2303 828 2334 est
855 2310 926 2334 om.
943 2297 1141 2332 DKLMP
1227 2295 1270 2330 31
1299 2295 1552 2330 intendentes
1566 2294 1612 2336 F,
1638 2293 1680 2327 ·ti
1702 2292 1741 2335 V,
1768 2291 1832 2325 -do
1853 2290 1905 2325 M
1943 2324 1955 2330 ,

405 2358 451 2393 32
470 2367 592 2403 opere
611 2356 696 2391 AM
751 2356 795 2390 37
816 2356 926 2390 uelut
946 2355 1138 2388 aduersas
1159 2353 1186 2386 A
1202 2353 1233 2387 V
1289 2351 1404 2386 37—8
1432 2350 1518 2384 diu-
1538 2358 1651 2384 conc·
1679 2357 1750 2393 per
1777 2347 1900 2382 om.L

405 2415 450 2449 39
480 2414 633 2459 phisica
660 2413 782 2447 EFM
854 2412 899 2446 39
918 2412 990 2445 -41
1021 2410 1205 2445 uenimus
1228 2428 1263 2432 —
1281 2408 1525 2442 documenta
1555 2415 1627 2440 om!
1645 2405 1675 2440 Α
1757 2403 1900 2438 40-43

407 2471 574 2506 morales
593 2490 632 2494 —
649 2470 819 2504 uirtutes
838 2460 954 2503 omJT
1023 2467 1068 2501 43
1086 2476 1196 2511 spem
1216 2465 1365 2500 scilicet
1384 2463 1531 2497 AEHP
1544 2463 1585 2505 V,
1615 2461 1765 2496 scilicet
1784 2469 1896 2505 spem

409 2526 607 2569 DFGKT,
634 2526 784 2561 scilieet
812 2535 885 2560 om.
903 2524 1022 2558 BLM
1094 2522 1140 2557 44
1169 2532 1267 2567 ergo
1300 2521 1370 2556 FG

530 2621 674 2656 18—20
701 2619 823 2655 Arist.
852 2620 899 2654 cle
926 2618 1066 2654 anima
1094 2619 1128 2663 2,
1148 2619 1186 2661 2,
1203 2619 1276 2652 413
1301 2617 1322 2652 b
1342 2616 1403 2651 26.
1475 2614 1592 2649 22-3
1617 2611 1820 2659 cf'.‚Arist,.
1849 2612 1899 2646 de

403 2680 515 2724 part.
543 2677 666 2713 anim.
693 2679 729 2722 3,
748 2679 779 2720 1,
798 2678 871 2711 661
899 2677 920 2711 b
941 2677 997 2710 10.
