<?xml version="1.0" encoding="UTF-8"?>
<!DOCTYPE html PUBLIC "-//W3C//DTD XHTML 1.0 Transitional//EN"
    "http://www.w3.org/TR/xhtml1/DTD/xhtml1-transitional.dtd">
<html xmlns="http://www.w3.org/1999/xhtml" xml:lang="en" lang="en">
 <head>
  <title>
</title>
<meta http-equiv="Content-Type" content="text/html;charset=utf-8" />
  <meta name='ocr-system' content='tesseract 3.04.00' />
  <meta name='ocr-capabilities' content='ocr_page ocr_carea ocr_par ocr_line ocrx_word'/>
</head>
<body>
  <div class='ocr_page' id='page_1' title='image "./demonarchialibri00dantuoft_0058.png"; bbox 0 0 2002 3302; ppageno 0'>
   <div class='ocr_carea' id='block_1_1' title="bbox 399 266 1435 305">
    <p class='ocr_par' dir='ltr' id='par_1_1' title="bbox 399 266 1435 305">
     <span class='ocr_line' id='line_1_1' title="bbox 399 266 1435 305; baseline -0.002 0"><span class='ocrx_word' id='word_1_1' title='bbox 399 268 447 305; x_wconf 84' lang='lat'><strong>54</strong></span> <span class='ocrx_word' id='word_1_2' title='bbox 781 266 976 304; x_wconf 88' lang='lat' dir='ltr'>DANTIS</span> <span class='ocrx_word' id='word_1_3' title='bbox 1001 266 1313 304; x_wconf 87' lang='lat' dir='ltr'><strong>MONARCHIA</strong></span> <span class='ocrx_word' id='word_1_4' title='bbox 1339 268 1377 303; x_wconf 92' lang='lat' dir='ltr'><strong>II</strong></span> <span class='ocrx_word' id='word_1_5' title='bbox 1401 268 1435 304; x_wconf 88' lang='lat'><strong>5.</strong></span> 
     </span>
    </p>
   </div>
   <div class='ocr_carea' id='block_1_2' title="bbox 306 374 1900 1655">
    <p class='ocr_par' dir='ltr' id='par_1_2' title="bbox 306 374 1900 1655">
     <span class='ocr_line' id='line_1_2' title="bbox 401 374 1896 433; baseline 0.003 -15"><span class='ocrx_word' id='word_1_6' title='bbox 401 380 523 432; x_wconf 88' lang='lat' dir='ltr'><strong>patet</strong></span> <span class='ocrx_word' id='word_1_7' title='bbox 555 375 839 418; x_wconf 84' lang='lat' dir='ltr'><strong>construendo</strong></span> <span class='ocrx_word' id='word_1_8' title='bbox 872 379 915 418; x_wconf 89' lang='lat' dir='ltr'><strong>et</strong></span> <span class='ocrx_word' id='word_1_9' title='bbox 947 374 1224 430; x_wconf 89' lang='lat' dir='ltr'><strong>destruendo,</strong></span> <span class='ocrx_word' id='word_1_10' title='bbox 1256 375 1519 431; x_wconf 90' lang='lat' dir='ltr'><strong>impossibile</strong></span> <span class='ocrx_word' id='word_1_11' title='bbox 1541 380 1606 433; x_wconf 72' lang='lat' dir='ltr'><strong>est</strong></span> <span class='ocrx_word' id='word_1_12' title='bbox 1637 378 1740 422; x_wconf 76' lang='lat' dir='ltr'><strong>iuris</strong></span> <span class='ocrx_word' id='word_1_13' title='bbox 1762 377 1896 423; x_wconf 81' lang='lat' dir='ltr'><strong>finem</strong></span> 
     </span>
     <span class='ocr_line' id='line_1_3' title="bbox 306 443 1899 500; baseline 0.002 -14"><span class='ocrx_word' id='word_1_14' title='bbox 306 488 308 490; x_wconf 76' lang='grc'><em>,</em></span> <span class='ocrx_word' id='word_1_15' title='bbox 335 454 388 480; x_wconf 79' lang='lat'>1³5</span> <span class='ocrx_word' id='word_1_16' title='bbox 402 456 579 498; x_wconf 80' lang='lat' dir='ltr'><strong>querere</strong></span> <span class='ocrx_word' id='word_1_17' title='bbox 610 444 702 486; x_wconf 91' lang='lat' dir='ltr'><strong>sine</strong></span> <span class='ocrx_word' id='word_1_18' title='bbox 734 443 839 494; x_wconf 89' lang='lat' dir='ltr'><strong>iure,</strong></span> <span class='ocrx_word' id='word_1_19' title='bbox 880 457 974 486; x_wconf 91' lang='lat' dir='ltr'><strong>cum</strong></span> <span class='ocrx_word' id='word_1_20' title='bbox 1009 443 1198 498; x_wconf 86' lang='lat' dir='ltr'><strong>quelibet</strong></span> <span class='ocrx_word' id='word_1_21' title='bbox 1237 457 1305 487; x_wconf 88' lang='lat' dir='ltr'><strong>res</strong></span> <span class='ocrx_word' id='word_1_22' title='bbox 1343 443 1399 486; x_wconf 90' lang='lat' dir='ltr'><strong>ad</strong></span> <span class='ocrx_word' id='word_1_23' title='bbox 1432 445 1648 500; x_wconf 89' lang='lat' dir='ltr'><strong>proprium</strong></span> <span class='ocrx_word' id='word_1_24' title='bbox 1687 445 1817 488; x_wconf 89' lang='lat' dir='ltr'><strong>finem</strong></span> <span class='ocrx_word' id='word_1_25' title='bbox 1848 459 1899 489; x_wconf 80' lang='lat' dir='ltr'><strong>se</strong></span> 
     </span>
     <span class='ocr_line' id='line_1_4' title="bbox 401 511 1900 570; baseline 0.001 -15"><span class='ocrx_word' id='word_1_26' title='bbox 401 511 561 555; x_wconf 85' lang='lat' dir='ltr'><strong>habeat</strong></span> <span class='ocrx_word' id='word_1_27' title='bbox 602 512 719 554; x_wconf 88' lang='lat' dir='ltr'><strong>uelut</strong></span> <span class='ocrx_word' id='word_1_28' title='bbox 750 525 1016 566; x_wconf 88' lang='lat' dir='ltr'><strong>consequens</strong></span> <span class='ocrx_word' id='word_1_29' title='bbox 1056 511 1112 554; x_wconf 88' lang='lat' dir='ltr'><strong>ad</strong></span> <span class='ocrx_word' id='word_1_30' title='bbox 1143 511 1420 555; x_wconf 88' lang='lat' dir='ltr'><strong>antecedens.</strong></span> <span class='ocrx_word' id='word_1_31' title='bbox 1481 512 1594 555; x_wconf 88' lang='lat' dir='ltr'><strong>Nam</strong></span> <span class='ocrx_word' id='word_1_32' title='bbox 1634 513 1900 570; x_wconf 87' lang='lat' dir='ltr'><strong>impossibile</strong></span> 
     </span>
     <span class='ocr_line' id='line_1_5' title="bbox 401 578 1893 635; baseline 0.001 -13"><span class='ocrx_word' id='word_1_33' title='bbox 401 584 466 623; x_wconf 91' lang='lat' dir='ltr'><strong>est</strong></span> <span class='ocrx_word' id='word_1_34' title='bbox 498 580 652 622; x_wconf 87' lang='lat' dir='ltr'>bonam</span> <span class='ocrx_word' id='word_1_35' title='bbox 690 578 971 622; x_wconf 88' lang='lat' dir='ltr'><strong>ualitudinem</strong></span> <span class='ocrx_word' id='word_1_36' title='bbox 1002 579 1286 622; x_wconf 90' lang='lat' dir='ltr'><strong>membrorum</strong></span> <span class='ocrx_word' id='word_1_37' title='bbox 1318 580 1533 635; x_wconf 86' lang='lat' dir='ltr'><strong>attingere</strong></span> <span class='ocrx_word' id='word_1_38' title='bbox 1569 581 1662 624; x_wconf 89' lang='lat' dir='ltr'><strong>sine</strong></span> <span class='ocrx_word' id='word_1_39' title='bbox 1692 582 1893 624; x_wconf 87' lang='lat' dir='ltr'><strong>sanitate.</strong></span> 
     </span>
     <span class='ocr_line' id='line_1_6' title="bbox 333 647 1890 703; baseline 0.001 -13"><span class='ocrx_word' id='word_1_40' title='bbox 333 659 385 686; x_wconf 82' lang='lat'>1³⁸</span> <span class='ocrx_word' id='word_1_41' title='bbox 400 648 582 703; x_wconf 86' lang='lat' dir='ltr'><strong>Propter</strong></span> <span class='ocrx_word' id='word_1_42' title='bbox 604 647 717 702; x_wconf 89' lang='lat' dir='ltr'><strong>quod</strong></span> <span class='ocrx_word' id='word_1_43' title='bbox 740 647 1059 690; x_wconf 89' lang='lat' dir='ltr'><strong>euidentissime</strong></span> <span class='ocrx_word' id='word_1_44' title='bbox 1081 652 1215 703; x_wconf 86' lang='lat' dir='ltr'><strong>patet,</strong></span> <span class='ocrx_word' id='word_1_45' title='bbox 1250 647 1364 701; x_wconf 91' lang='lat' dir='ltr'><strong>quod</strong></span> <span class='ocrx_word' id='word_1_46' title='bbox 1386 648 1518 690; x_wconf 84' lang='lat' dir='ltr'><strong>finem</strong></span> <span class='ocrx_word' id='word_1_47' title='bbox 1541 649 1644 692; x_wconf 88' lang='lat' dir='ltr'><strong>iuris</strong></span> <span class='ocrx_word' id='word_1_48' title='bbox 1674 649 1890 693; x_wconf 88' lang='lat' dir='ltr'><strong>intenden-</strong></span> 
     </span>
     <span class='ocr_line' id='line_1_7' title="bbox 400 715 1899 772; baseline 0 -13"><span class='ocrx_word' id='word_1_49' title='bbox 400 720 487 759; x_wconf 86' lang='lat' dir='ltr'><strong>tem</strong></span> <span class='ocrx_word' id='word_1_50' title='bbox 526 722 694 772; x_wconf 86' lang='lat' dir='ltr'><strong>oportet</strong></span> <span class='ocrx_word' id='word_1_51' title='bbox 737 730 830 758; x_wconf 89' lang='lat' dir='ltr'><strong>cum</strong></span> <span class='ocrx_word' id='word_1_52' title='bbox 870 716 961 758; x_wconf 89' lang='lat' dir='ltr'><strong>iure</strong></span> <span class='ocrx_word' id='word_1_53' title='bbox 1003 715 1247 768; x_wconf 81' lang='lat' dir='ltr'><strong>intendere3</strong></span> <span class='ocrx_word' id='word_1_54' title='bbox 1287 729 1367 758; x_wconf 91' lang='lat' dir='ltr'><strong>nec</strong></span> <span class='ocrx_word' id='word_1_55' title='bbox 1414 716 1530 759; x_wconf 87' lang='lat' dir='ltr'><strong>ualet</strong></span> <span class='ocrx_word' id='word_1_56' title='bbox 1564 717 1770 759; x_wconf 87' lang='lat' dir='ltr'><strong>instantia</strong></span> <span class='ocrx_word' id='word_1_57' title='bbox 1813 729 1899 771; x_wconf 87' lang='lat' dir='ltr'><strong>que</strong></span> 
     </span>
     <span class='ocr_line' id='line_1_8' title="bbox 401 783 1893 839; baseline 0.001 -13"><span class='ocrx_word' id='word_1_58' title='bbox 401 783 455 827; x_wconf 89' lang='lat' dir='ltr'><strong>de</strong></span> <span class='ocrx_word' id='word_1_59' title='bbox 502 784 646 826; x_wconf 88' lang='lat' dir='ltr'><strong>uerbis</strong></span> <span class='ocrx_word' id='word_1_60' title='bbox 692 783 950 839; x_wconf 85' lang='lat' dir='ltr'><strong>phylosophi</strong></span> <span class='ocrx_word' id='word_1_61' title='bbox 998 783 1213 826; x_wconf 90' lang='lat' dir='ltr'><strong>eubuliam</strong></span> <span class='ocrx_word' id='word_1_62' title='bbox 1261 785 1564 839; x_wconf 81' lang='lat' dir='ltr'><strong>pertractantis</strong></span> <span class='ocrx_word' id='word_1_63' title='bbox 1619 784 1718 827; x_wconf 91' lang='lat' dir='ltr'><strong>elici</strong></span> <span class='ocrx_word' id='word_1_64' title='bbox 1771 784 1893 830; x_wconf 88' lang='lat' dir='ltr'><strong>solet.</strong></span> 
     </span>
     <span class='ocr_line' id='line_1_9' title="bbox 331 851 1897 907; baseline 0.001 -13"><span class='ocrx_word' id='word_1_65' title='bbox 331 865 382 889; x_wconf 78' lang='lat'>141</span> <span class='ocrx_word' id='word_1_66' title='bbox 401 852 519 894; x_wconf 82' lang='lat' dir='ltr'><strong>Dicit</strong></span> <span class='ocrx_word' id='word_1_67' title='bbox 553 852 664 895; x_wconf 90' lang='lat' dir='ltr'><strong>enim</strong></span> <span class='ocrx_word' id='word_1_68' title='bbox 687 851 1008 907; x_wconf 85' lang='lat' dir='ltr'><strong>phylosophus:</strong></span> <span class='ocrx_word' id='word_1_69' title='bbox 1041 851 1144 895; x_wconf 85' lang='lat' dir='ltr'><strong>‘Sed</strong></span> <span class='ocrx_word' id='word_1_70' title='bbox 1167 857 1211 894; x_wconf 91' lang='lat' dir='ltr'><strong>et</strong></span> <span class='ocrx_word' id='word_1_71' title='bbox 1232 851 1314 894; x_wconf 94' lang='lat' dir='ltr'><strong>hoc</strong></span> <span class='ocrx_word' id='word_1_72' title='bbox 1335 852 1446 895; x_wconf 83' lang='lat' dir='ltr'><strong>falso</strong></span> <span class='ocrx_word' id='word_1_73' title='bbox 1469 851 1721 907; x_wconf 86' lang='lat' dir='ltr'><strong>sillogismo,</strong></span> <span class='ocrx_word' id='word_1_74' title='bbox 1754 853 1897 895; x_wconf 78' lang='lat' dir='ltr'><strong>sortiri</strong></span> 
     </span>
     <span class='ocr_line' id='line_1_10' title="bbox 401 919 1894 976; baseline 0 -14"><span class='ocrx_word' id='word_1_75' title='bbox 401 919 514 974; x_wconf 92' lang='lat' dir='ltr'><strong>quod</strong></span> <span class='ocrx_word' id='word_1_76' title='bbox 548 919 718 974; x_wconf 88' lang='lat' dir='ltr'><strong>quidem</strong></span> <span class='ocrx_word' id='word_1_77' title='bbox 751 924 921 976; x_wconf 89' lang='lat' dir='ltr'><strong>oportet</strong></span> <span class='ocrx_word' id='word_1_78' title='bbox 952 920 1109 972; x_wconf 87' lang='lat' dir='ltr'><strong>sortiri,</strong></span> <span class='ocrx_word' id='word_1_79' title='bbox 1141 933 1217 975; x_wconf 90' lang='lat' dir='ltr'><strong>per</strong></span> <span class='ocrx_word' id='word_1_80' title='bbox 1249 919 1362 974; x_wconf 92' lang='lat' dir='ltr'><strong>quod</strong></span> <span class='ocrx_word' id='word_1_81' title='bbox 1384 924 1528 962; x_wconf 89' lang='lat' dir='ltr'><strong>autem</strong></span> <span class='ocrx_word' id='word_1_82' title='bbox 1559 933 1670 974; x_wconf 72' lang='lat' dir='ltr'><strong>non,</strong></span> <span class='ocrx_word' id='word_1_83' title='bbox 1705 919 1782 963; x_wconf 84' lang='lat' dir='ltr'><strong>sed</strong></span> <span class='ocrx_word' id='word_1_84' title='bbox 1814 920 1894 962; x_wconf 85' lang='lat' dir='ltr'><strong>fal·</strong></span> 
     </span>
     <span class='ocr_line' id='line_1_11' title="bbox 400 987 1895 1042; baseline -0.001 -11"><span class='ocrx_word' id='word_1_85' title='bbox 400 1002 492 1031; x_wconf 92' lang='lat' dir='ltr'><strong>sum</strong></span> <span class='ocrx_word' id='word_1_86' title='bbox 524 987 710 1031; x_wconf 87' lang='lat' dir='ltr'><strong>medium</strong></span> <span class='ocrx_word' id='word_1_87' title='bbox 744 988 967 1030; x_wconf 89' lang='lat' dir='ltr'><strong>terminum</strong></span> <span class='ocrx_word' id='word_1_88' title='bbox 991 989 1108 1031; x_wconf 87' lang='lat' dir='ltr'><strong>esse’.</strong></span> <span class='ocrx_word' id='word_1_89' title='bbox 1172 989 1283 1032; x_wconf 91' lang='lat' dir='ltr'><strong>Nam</strong></span> <span class='ocrx_word' id='word_1_90' title='bbox 1305 989 1338 1030; x_wconf 92' lang='lat' dir='ltr'><strong>si</strong></span> <span class='ocrx_word' id='word_1_91' title='bbox 1373 1001 1426 1030; x_wconf 83' lang='lat' dir='ltr'><strong>ex</strong></span> <span class='ocrx_word' id='word_1_92' title='bbox 1458 988 1580 1031; x_wconf 78' lang='lat' dir='ltr'><strong>falsis</strong></span> <span class='ocrx_word' id='word_1_93' title='bbox 1612 1001 1760 1030; x_wconf 91' lang='lat' dir='ltr'><strong>uerum</strong></span> <span class='ocrx_word' id='word_1_94' title='bbox 1793 1001 1895 1042; x_wconf 90' lang='lat' dir='ltr'><strong>quo-</strong></span> 
     </span>
     <span class='ocr_line' id='line_1_12' title="bbox 333 1055 1898 1111; baseline 0.003 -18"><span class='ocrx_word' id='word_1_95' title='bbox 333 1069 386 1094; x_wconf 78' lang='lat'><strong>144</strong></span> <span class='ocrx_word' id='word_1_96' title='bbox 401 1056 631 1100; x_wconf 86' lang='lat' dir='ltr'><strong>dammodo</strong></span> <span class='ocrx_word' id='word_1_97' title='bbox 676 1056 957 1110; x_wconf 86' lang='lat' dir='ltr'><strong>concluditur,</strong></span> <span class='ocrx_word' id='word_1_98' title='bbox 1006 1056 1088 1098; x_wconf 92' lang='lat' dir='ltr'><strong>hoc</strong></span> <span class='ocrx_word' id='word_1_99' title='bbox 1129 1060 1195 1098; x_wconf 91' lang='lat' dir='ltr'><strong>est</strong></span> <span class='ocrx_word' id='word_1_100' title='bbox 1237 1069 1313 1111; x_wconf 89' lang='lat' dir='ltr'><strong>per</strong></span> <span class='ocrx_word' id='word_1_101' title='bbox 1344 1055 1561 1108; x_wconf 87' lang='lat' dir='ltr'><strong>accidens,</strong></span> <span class='ocrx_word' id='word_1_102' title='bbox 1605 1056 1649 1097; x_wconf 92' lang='lat' dir='ltr'><strong>in</strong></span> <span class='ocrx_word' id='word_1_103' title='bbox 1690 1060 1898 1109; x_wconf 87' lang='lat' dir='ltr'><strong>quantum</strong></span> 
     </span>
     <span class='ocr_line' id='line_1_13' title="bbox 400 1123 1894 1180; baseline -0.001 -13"><span class='ocrx_word' id='word_1_104' title='bbox 400 1125 506 1167; x_wconf 92' lang='lat' dir='ltr'><strong>illud</strong></span> <span class='ocrx_word' id='word_1_105' title='bbox 545 1139 691 1169; x_wconf 91' lang='lat' dir='ltr'><strong>uerum</strong></span> <span class='ocrx_word' id='word_1_106' title='bbox 730 1126 986 1180; x_wconf 84' lang='lat' dir='ltr'><strong>importatur</strong></span> <span class='ocrx_word' id='word_1_107' title='bbox 1024 1137 1101 1180; x_wconf 91' lang='lat' dir='ltr'><strong>per</strong></span> <span class='ocrx_word' id='word_1_108' title='bbox 1142 1137 1271 1166; x_wconf 89' lang='lat' dir='ltr'><strong>uoces</strong></span> <span class='ocrx_word' id='word_1_109' title='bbox 1310 1123 1537 1176; x_wconf 83' lang='lat' dir='ltr'><strong>illationis3</strong></span> <span class='ocrx_word' id='word_1_110' title='bbox 1583 1136 1660 1178; x_wconf 92' lang='lat' dir='ltr'><strong>per</strong></span> <span class='ocrx_word' id='word_1_111' title='bbox 1697 1135 1743 1165; x_wconf 86' lang='lat' dir='ltr'><strong>se</strong></span> <span class='ocrx_word' id='word_1_112' title='bbox 1781 1123 1894 1165; x_wconf 90' lang='lat' dir='ltr'><strong>enim</strong></span> 
     </span>
     <span class='ocr_line' id='line_1_14' title="bbox 400 1190 1897 1247; baseline -0.001 -12"><span class='ocrx_word' id='word_1_113' title='bbox 400 1206 548 1235; x_wconf 91' lang='lat' dir='ltr'><strong>uerum</strong></span> <span class='ocrx_word' id='word_1_114' title='bbox 579 1206 794 1247; x_wconf 86' lang='lat' dir='ltr'><strong>nunquam</strong></span> <span class='ocrx_word' id='word_1_115' title='bbox 828 1194 1019 1247; x_wconf 89' lang='lat' dir='ltr'><strong>sequitur</strong></span> <span class='ocrx_word' id='word_1_116' title='bbox 1052 1206 1106 1235; x_wconf 86' lang='lat' dir='ltr'><strong>ex</strong></span> <span class='ocrx_word' id='word_1_117' title='bbox 1138 1193 1282 1245; x_wconf 88' lang='lat' dir='ltr'><strong>falsis;</strong></span> <span class='ocrx_word' id='word_1_118' title='bbox 1324 1193 1449 1247; x_wconf 87' lang='lat' dir='ltr'><strong>signa</strong></span> <span class='ocrx_word' id='word_1_119' title='bbox 1480 1196 1623 1234; x_wconf 88' lang='lat' dir='ltr'><strong>tamen</strong></span> <span class='ocrx_word' id='word_1_120' title='bbox 1661 1190 1752 1233; x_wconf 91' lang='lat' dir='ltr'><strong>ueri</strong></span> <span class='ocrx_word' id='word_1_121' title='bbox 1785 1191 1897 1234; x_wconf 86' lang='lat' dir='ltr'><strong>bene</strong></span> 
     </span>
     <span class='ocr_line' id='line_1_15' title="bbox 334 1259 1894 1316; baseline 0.001 -16"><span class='ocrx_word' id='word_1_122' title='bbox 334 1275 386 1300; x_wconf 78' lang='lat'><strong>147</strong></span> <span class='ocrx_word' id='word_1_123' title='bbox 400 1266 601 1303; x_wconf 84' lang='lat' dir='ltr'><strong>secuntur</strong></span> <span class='ocrx_word' id='word_1_124' title='bbox 633 1274 686 1304; x_wconf 86' lang='lat' dir='ltr'><strong>ex</strong></span> <span class='ocrx_word' id='word_1_125' title='bbox 718 1262 852 1316; x_wconf 86' lang='lat' dir='ltr'><strong>signis</strong></span> <span class='ocrx_word' id='word_1_126' title='bbox 884 1274 966 1316; x_wconf 88' lang='lat' dir='ltr'><strong>que</strong></span> <span class='ocrx_word' id='word_1_127' title='bbox 998 1266 1096 1304; x_wconf 92' lang='lat' dir='ltr'><strong>sunt</strong></span> <span class='ocrx_word' id='word_1_128' title='bbox 1127 1262 1251 1316; x_wconf 86' lang='lat' dir='ltr'><strong>signa</strong></span> <span class='ocrx_word' id='word_1_129' title='bbox 1283 1261 1396 1303; x_wconf 86' lang='lat' dir='ltr'><strong>falsi.</strong></span> <span class='ocrx_word' id='word_1_130' title='bbox 1449 1259 1521 1302; x_wconf 90' lang='lat' dir='ltr'><strong>Sic</strong></span> <span class='ocrx_word' id='word_1_131' title='bbox 1553 1264 1597 1302; x_wconf 90' lang='lat' dir='ltr'><strong>et</strong></span> <span class='ocrx_word' id='word_1_132' title='bbox 1628 1260 1672 1301; x_wconf 89' lang='lat' dir='ltr'><strong>in</strong></span> <span class='ocrx_word' id='word_1_133' title='bbox 1699 1259 1894 1314; x_wconf 89' lang='lat' dir='ltr'><strong>operabi-</strong></span> 
     </span>
     <span class='ocr_line' id='line_1_16' title="bbox 400 1328 1897 1384; baseline -0.002 -13"><span class='ocrx_word' id='word_1_134' title='bbox 400 1330 524 1372; x_wconf 88' lang='lat' dir='ltr'><strong>libus.</strong></span> <span class='ocrx_word' id='word_1_135' title='bbox 579 1330 688 1373; x_wconf 90' lang='lat' dir='ltr'><strong>Nam</strong></span> <span class='ocrx_word' id='word_1_136' title='bbox 721 1330 822 1372; x_wconf 88' lang='lat' dir='ltr'><strong>licet</strong></span> <span class='ocrx_word' id='word_1_137' title='bbox 844 1330 913 1372; x_wconf 83' lang='lat' dir='ltr'><strong>fur</strong></span> <span class='ocrx_word' id='word_1_138' title='bbox 945 1329 999 1372; x_wconf 89' lang='lat' dir='ltr'><strong>de</strong></span> <span class='ocrx_word' id='word_1_139' title='bbox 1022 1329 1137 1372; x_wconf 89' lang='lat' dir='ltr'><strong>furto</strong></span> <span class='ocrx_word' id='word_1_140' title='bbox 1165 1329 1389 1372; x_wconf 88' lang='lat' dir='ltr'><strong>subueniat</strong></span> <span class='ocrx_word' id='word_1_141' title='bbox 1421 1328 1613 1384; x_wconf 88' lang='lat' dir='ltr'><strong>pauperi,</strong></span> <span class='ocrx_word' id='word_1_142' title='bbox 1645 1331 1897 1374; x_wconf 85' lang='lat' dir='ltr'><strong>nontamen</strong></span> 
     </span>
     <span class='ocr_line' id='line_1_17' title="bbox 400 1393 1897 1451; baseline -0.001 -12"><span class='ocrx_word' id='word_1_143' title='bbox 400 1397 623 1440; x_wconf 84' lang='lat' dir='ltr'><strong>elimosina</strong></span> <span class='ocrx_word' id='word_1_144' title='bbox 664 1397 849 1440; x_wconf 88' lang='lat' dir='ltr'><strong>dicenda</strong></span> <span class='ocrx_word' id='word_1_145' title='bbox 888 1403 975 1450; x_wconf 89' lang='lat' dir='ltr'><strong>est;</strong></span> <span class='ocrx_word' id='word_1_146' title='bbox 1023 1397 1100 1441; x_wconf 87' lang='lat' dir='ltr'><strong>sed</strong></span> <span class='ocrx_word' id='word_1_147' title='bbox 1140 1403 1204 1440; x_wconf 88' lang='lat' dir='ltr'><strong>est</strong></span> <span class='ocrx_word' id='word_1_148' title='bbox 1245 1397 1359 1440; x_wconf 90' lang='lat' dir='ltr'><strong>actio</strong></span> <span class='ocrx_word' id='word_1_149' title='bbox 1399 1395 1595 1451; x_wconf 87' lang='lat' dir='ltr'><strong>quedam,</strong></span> <span class='ocrx_word' id='word_1_150' title='bbox 1642 1408 1723 1450; x_wconf 89' lang='lat' dir='ltr'><strong>que</strong></span> <span class='ocrx_word' id='word_1_151' title='bbox 1764 1395 1801 1438; x_wconf 87' lang='lat' dir='ltr'><strong>si</strong></span> <span class='ocrx_word' id='word_1_152' title='bbox 1837 1393 1897 1437; x_wconf 85' lang='lat' dir='ltr'><strong>de</strong></span> 
     </span>
     <span class='ocr_line' id='line_1_18' title="bbox 329 1463 1897 1521; baseline 0.001 -17"><span class='ocrx_word' id='word_1_153' title='bbox 329 1466 573 1521; x_wconf 67' lang='lat' dir='ltr'><strong>impropria</strong></span> <span class='ocrx_word' id='word_1_154' title='bbox 605 1467 844 1509; x_wconf 88' lang='lat' dir='ltr'><strong>substantia</strong></span> <span class='ocrx_word' id='word_1_155' title='bbox 866 1467 1006 1518; x_wconf 86' lang='lat' dir='ltr'><strong>fieret,</strong></span> <span class='ocrx_word' id='word_1_156' title='bbox 1040 1466 1259 1509; x_wconf 89' lang='lat' dir='ltr'><strong>elimosine</strong></span> <span class='ocrx_word' id='word_1_157' title='bbox 1292 1465 1470 1507; x_wconf 82' lang='lat' dir='ltr'><strong>formam</strong></span> <span class='ocrx_word' id='word_1_158' title='bbox 1495 1464 1684 1506; x_wconf 85' lang='lat' dir='ltr'><strong>haberet.</strong></span> <span class='ocrx_word' id='word_1_159' title='bbox 1737 1463 1897 1506; x_wconf 85' lang='lat' dir='ltr'><strong>Simili—</strong></span> 
     </span>
     <span class='ocr_line' id='line_1_19' title="bbox 400 1531 1894 1587; baseline -0.001 -12"><span class='ocrx_word' id='word_1_160' title='bbox 400 1539 464 1575; x_wconf 91' lang='lat' dir='ltr'><strong>ter</strong></span> <span class='ocrx_word' id='word_1_161' title='bbox 496 1538 562 1576; x_wconf 88' lang='lat' dir='ltr'><strong>est</strong></span> <span class='ocrx_word' id='word_1_162' title='bbox 601 1533 654 1575; x_wconf 92' lang='lat' dir='ltr'><strong>de</strong></span> <span class='ocrx_word' id='word_1_163' title='bbox 686 1534 775 1576; x_wconf 86' lang='lat' dir='ltr'><strong>fine</strong></span> <span class='ocrx_word' id='word_1_164' title='bbox 808 1534 932 1576; x_wconf 83' lang='lat' dir='ltr'><strong>iuris:</strong></span> <span class='ocrx_word' id='word_1_165' title='bbox 972 1534 1072 1587; x_wconf 88' lang='lat' dir='ltr'><strong>quia</strong></span> <span class='ocrx_word' id='word_1_166' title='bbox 1103 1533 1137 1576; x_wconf 90' lang='lat' dir='ltr'><strong>si</strong></span> <span class='ocrx_word' id='word_1_167' title='bbox 1172 1533 1350 1587; x_wconf 84' lang='lat' dir='ltr'><strong>aliquid,</strong></span> <span class='ocrx_word' id='word_1_168' title='bbox 1393 1537 1440 1574; x_wconf 86' lang='lat' dir='ltr'><strong>ut</strong></span> <span class='ocrx_word' id='word_1_169' title='bbox 1477 1531 1578 1574; x_wconf 88' lang='lat' dir='ltr'><strong>finis</strong></span> <span class='ocrx_word' id='word_1_170' title='bbox 1610 1531 1743 1586; x_wconf 87' lang='lat' dir='ltr'><strong>ipsius</strong></span> <span class='ocrx_word' id='word_1_171' title='bbox 1774 1531 1894 1579; x_wconf 83' lang='lat' dir='ltr'><strong>iuris,</strong></span> 
     </span>
     <span class='ocr_line' id='line_1_20' title="bbox 400 1598 1897 1655; baseline -0.002 -12"><span class='ocrx_word' id='word_1_172' title='bbox 400 1601 561 1654; x_wconf 86' lang='lat' dir='ltr'><strong>absque</strong></span> <span class='ocrx_word' id='word_1_173' title='bbox 584 1602 674 1643; x_wconf 88' lang='lat' dir='ltr'><strong>iure</strong></span> <span class='ocrx_word' id='word_1_174' title='bbox 707 1601 984 1655; x_wconf 87' lang='lat' dir='ltr'><strong>obtineretur,</strong></span> <span class='ocrx_word' id='word_1_175' title='bbox 1017 1602 1079 1643; x_wconf 91' lang='lat' dir='ltr'><strong>ita</strong></span> <span class='ocrx_word' id='word_1_176' title='bbox 1102 1604 1214 1643; x_wconf 90' lang='lat' dir='ltr'><strong>esset</strong></span> <span class='ocrx_word' id='word_1_177' title='bbox 1235 1600 1336 1642; x_wconf 90' lang='lat' dir='ltr'><strong>finis</strong></span> <span class='ocrx_word' id='word_1_178' title='bbox 1367 1600 1484 1652; x_wconf 91' lang='lat' dir='ltr'><strong>iuris,</strong></span> <span class='ocrx_word' id='word_1_179' title='bbox 1516 1598 1598 1641; x_wconf 91' lang='lat' dir='ltr'><strong>hoc</strong></span> <span class='ocrx_word' id='word_1_180' title='bbox 1621 1603 1686 1640; x_wconf 90' lang='lat' dir='ltr'><strong>est</strong></span> <span class='ocrx_word' id='word_1_181' title='bbox 1715 1611 1897 1641; x_wconf 82' lang='lat' dir='ltr'><strong>comune</strong></span> 
     </span>
    </p>
   </div>
   <div class='ocr_carea' id='block_1_3' title="bbox 522 1711 1893 1762">
    <p class='ocr_par' dir='ltr' id='par_1_3' title="bbox 522 1711 1893 1762">
     <span class='ocr_line' id='line_1_21' title="bbox 522 1711 1893 1762; baseline -0.003 -12"><span class='ocrx_word' id='word_1_182' title='bbox 522 1717 589 1752; x_wconf 88' lang='lat'><strong>133</strong></span> <span class='ocrx_word' id='word_1_183' title='bbox 615 1717 782 1762; x_wconf 85' lang='lat' dir='ltr'><strong>absque]</strong></span> <span class='ocrx_word' id='word_1_184' title='bbox 818 1718 903 1752; x_wconf 86' lang='lat' dir='ltr'><strong>sine</strong></span> <span class='ocrx_word' id='word_1_185' title='bbox 929 1716 1078 1751; x_wconf 80' lang='lat' dir='ltr'><strong><em>ADGL</em></strong></span> <span class='ocrx_word' id='word_1_186' title='bbox 1194 1714 1294 1759; x_wconf 87' lang='lat' dir='ltr'><strong>sine]</strong></span> <span class='ocrx_word' id='word_1_187' title='bbox 1327 1716 1483 1759; x_wconf 87' lang='lat' dir='ltr'><strong>absque</strong></span> <span class='ocrx_word' id='word_1_188' title='bbox 1509 1715 1546 1749; x_wconf 90' lang='lat' dir='ltr'><em>B</em></span> <span class='ocrx_word' id='word_1_189' title='bbox 1668 1713 1735 1748; x_wconf 87' lang='lat'><strong>134</strong></span> <span class='ocrx_word' id='word_1_190' title='bbox 1762 1715 1801 1747; x_wconf 90' lang='lat' dir='ltr'><strong>et</strong></span> <span class='ocrx_word' id='word_1_191' title='bbox 1825 1711 1893 1747; x_wconf 80' lang='lat' dir='ltr'><strong>de·</strong></span> 
     </span>
    </p>
   </div>
   <div class='ocr_carea' id='block_1_4' title="bbox 400 1767 1966 1815">
    <p class='ocr_par' dir='ltr' id='par_1_4' title="bbox 400 1767 1966 1815">
     <span class='ocr_line' id='line_1_22' title="bbox 400 1767 1966 1815; baseline -0.004 -7"><span class='ocrx_word' id='word_1_192' title='bbox 400 1773 593 1808; x_wconf 89' lang='lat' dir='ltr'><strong>struendo</strong></span> <span class='ocrx_word' id='word_1_193' title='bbox 621 1784 695 1808; x_wconf 90' lang='lat' dir='ltr'><strong>om.</strong></span> <span class='ocrx_word' id='word_1_194' title='bbox 710 1773 825 1808; x_wconf 85' lang='lat' dir='ltr'><strong>EFP</strong></span> <span class='ocrx_word' id='word_1_195' title='bbox 896 1774 1019 1808; x_wconf 87' lang='lat' dir='ltr'><strong>finem</strong></span> <span class='ocrx_word' id='word_1_196' title='bbox 1045 1773 1144 1807; x_wconf 86' lang='lat' dir='ltr'><strong>iuris</strong></span> <span class='ocrx_word' id='word_1_197' title='bbox 1159 1771 1271 1807; x_wconf 81' lang='lat' dir='ltr'><strong>BGL</strong></span> <span class='ocrx_word' id='word_1_198' title='bbox 1367 1770 1437 1806; x_wconf 85' lang='lat'><strong>135</strong></span> <span class='ocrx_word' id='word_1_199' title='bbox 1462 1771 1576 1815; x_wconf 87' lang='lat' dir='ltr'><strong>queri</strong></span> <span class='ocrx_word' id='word_1_200' title='bbox 1594 1769 1692 1812; x_wconf 90' lang='lat' dir='ltr'><strong>DM,</strong></span> <span class='ocrx_word' id='word_1_201' title='bbox 1719 1777 1838 1813; x_wconf 87' lang='lat' dir='ltr'><strong>quem</strong></span> <span class='ocrx_word' id='word_1_202' title='bbox 1851 1767 1898 1809; x_wconf 83' lang='lat' dir='ltr'><strong>P,</strong></span> <span class='ocrx_word' id='word_1_203' title='bbox 1964 1783 1966 1786; x_wconf 57' lang='lat'>&gt;</span> 
     </span>
    </p>
   </div>
   <div class='ocr_carea' id='block_1_5' title="bbox 401 1822 1962 1875">
    <p class='ocr_par' dir='ltr' id='par_1_5' title="bbox 401 1800 2002 1875">
     <span class='ocr_line' id='line_1_23' title="bbox 401 1822 1962 1875; baseline -0.006 -10"><span class='ocrx_word' id='word_1_204' title='bbox 401 1841 487 1866; x_wconf 77' lang='lat' dir='ltr'><strong>esse</strong></span> <span class='ocrx_word' id='word_1_205' title='bbox 513 1830 558 1864; x_wconf 88' lang='lat' dir='ltr'><em>H</em></span> <span class='ocrx_word' id='word_1_206' title='bbox 643 1830 710 1865; x_wconf 87' lang='lat'><strong>136</strong></span> <span class='ocrx_word' id='word_1_207' title='bbox 735 1830 845 1865; x_wconf 79' lang='lat' dir='ltr'><strong>vemt</strong></span> <span class='ocrx_word' id='word_1_208' title='bbox 871 1840 944 1875; x_wconf 76' lang='lat' dir='ltr'><strong>per</strong></span> <span class='ocrx_word' id='word_1_209' title='bbox 971 1839 1081 1864; x_wconf 77' lang='lat' dir='ltr'><strong>cons·</strong></span> <span class='ocrx_word' id='word_1_210' title='bbox 1098 1829 1175 1864; x_wconf 84' lang='lat' dir='ltr'><strong>GV</strong></span> <span class='ocrx_word' id='word_1_211' title='bbox 1282 1828 1349 1863; x_wconf 81' lang='lat'><strong>137</strong></span> <span class='ocrx_word' id='word_1_212' title='bbox 1376 1831 1436 1862; x_wconf 80' lang='lat' dir='ltr'><strong>est</strong></span> <span class='ocrx_word' id='word_1_213' title='bbox 1460 1836 1535 1862; x_wconf 84' lang='lat' dir='ltr'><strong>om.</strong></span> <span class='ocrx_word' id='word_1_214' title='bbox 1552 1826 1665 1862; x_wconf 85' lang='lat' dir='ltr'><strong>PTV</strong></span> <span class='ocrx_word' id='word_1_215' title='bbox 1745 1822 1813 1859; x_wconf 90' lang='lat'><strong>138</strong></span> <span class='ocrx_word' id='word_1_216' title='bbox 1837 1824 1895 1858; x_wconf 81' lang='lat' dir='ltr'><strong>in·</strong></span> <span class='ocrx_word' id='word_1_217' title='bbox 1956 1826 1962 1835; x_wconf 58' lang='lat'><em>2</em></span> 
     </span>
    </p>
   </div>
   <div class='ocr_carea' id='block_1_6' title="bbox 400 1879 1903 2099">
    <p class='ocr_par' dir='ltr' id='par_1_6' title="bbox 400 1879 1903 2099">
     <span class='ocr_line' id='line_1_24' title="bbox 401 1879 1896 1927; baseline -0.005 -5"><span class='ocrx_word' id='word_1_218' title='bbox 401 1887 566 1922; x_wconf 86' lang='lat' dir='ltr'><strong>tendere</strong></span> <span class='ocrx_word' id='word_1_219' title='bbox 593 1887 629 1921; x_wconf 89' lang='lat' dir='ltr'><strong><em>B</em></strong></span> <span class='ocrx_word' id='word_1_220' title='bbox 716 1886 782 1921; x_wconf 85' lang='lat'><strong>139</strong></span> <span class='ocrx_word' id='word_1_221' title='bbox 809 1886 998 1921; x_wconf 87' lang='lat' dir='ltr'><strong>incedere</strong></span> <span class='ocrx_word' id='word_1_222' title='bbox 1024 1885 1062 1919; x_wconf 91' lang='lat' dir='ltr'><em>B</em></span> <span class='ocrx_word' id='word_1_223' title='bbox 1154 1884 1222 1919; x_wconf 87' lang='grc'><strong>140</strong></span> <span class='ocrx_word' id='word_1_224' title='bbox 1248 1884 1436 1919; x_wconf 84' lang='lat' dir='ltr'><strong>cubiliam</strong></span> <span class='ocrx_word' id='word_1_225' title='bbox 1463 1883 1546 1927; x_wconf 84' lang='lat' dir='ltr'><strong>AE,</strong></span> <span class='ocrx_word' id='word_1_226' title='bbox 1573 1882 1773 1918; x_wconf 83' lang='lat' dir='ltr'><strong>eubaliam</strong></span> <span class='ocrx_word' id='word_1_227' title='bbox 1798 1879 1896 1924; x_wconf 88' lang='lat' dir='ltr'><strong>DM,</strong></span> 
     </span>
     <span class='ocr_line' id='line_1_25' title="bbox 401 1934 1903 1986; baseline -0.006 -7"><span class='ocrx_word' id='word_1_228' title='bbox 401 1943 576 1979; x_wconf 86' lang='lat' dir='ltr'><strong>ebuliam</strong></span> <span class='ocrx_word' id='word_1_229' title='bbox 606 1943 687 1986; x_wconf 78' lang='lat' dir='ltr'><strong>GT,</strong></span> <span class='ocrx_word' id='word_1_230' title='bbox 720 1943 876 1985; x_wconf 89' lang='lat' dir='ltr'><strong>cub-H,</strong></span> <span class='ocrx_word' id='word_1_231' title='bbox 911 1941 1060 1977; x_wconf 86' lang='lat' dir='ltr'><strong>eubilia</strong></span> <span class='ocrx_word' id='word_1_232' title='bbox 1075 1941 1122 1983; x_wconf 91' lang='lat' dir='ltr'><strong>B,</strong></span> <span class='ocrx_word' id='word_1_233' title='bbox 1160 1940 1344 1975; x_wconf 87' lang='lat' dir='ltr'><strong>ciuiliaL</strong></span> <span class='ocrx_word' id='word_1_234' title='bbox 1488 1939 1555 1973; x_wconf 92' lang='lat'><strong>141</strong></span> <span class='ocrx_word' id='word_1_235' title='bbox 1583 1938 1692 1983; x_wconf 77' lang='lat' dir='ltr'><strong>phyl-</strong></span> <span class='ocrx_word' id='word_1_236' title='bbox 1719 1947 1794 1971; x_wconf 87' lang='lat' dir='ltr'><strong>om.</strong></span> <span class='ocrx_word' id='word_1_237' title='bbox 1809 1934 1903 1970; x_wconf 86' lang='grc' dir='ltr'><strong>ΚΜ</strong></span> 
     </span>
     <span class='ocr_line' id='line_1_26' title="bbox 401 1990 1892 2042; baseline -0.006 -7"><span class='ocrx_word' id='word_1_238' title='bbox 401 2004 440 2035; x_wconf 86' lang='lat' dir='ltr'><strong>et</strong></span> <span class='ocrx_word' id='word_1_239' title='bbox 466 2009 541 2035; x_wconf 86' lang='lat' dir='ltr'><strong>om.</strong></span> <span class='ocrx_word' id='word_1_240' title='bbox 556 1999 643 2034; x_wconf 80' lang='lat' dir='ltr'><strong>AM</strong></span> <span class='ocrx_word' id='word_1_241' title='bbox 741 1998 881 2033; x_wconf 79' lang='lat'>141-2</span> <span class='ocrx_word' id='word_1_242' title='bbox 905 1998 1036 2033; x_wconf 85' lang='lat' dir='ltr'><strong>sortiri</strong></span> <span class='ocrx_word' id='word_1_243' title='bbox 1052 2017 1095 2021; x_wconf 90' lang='lat'><strong>—</strong></span> <span class='ocrx_word' id='word_1_244' title='bbox 1111 2000 1267 2042; x_wconf 86' lang='lat' dir='ltr'><strong>oportet</strong></span> <span class='ocrx_word' id='word_1_245' title='bbox 1292 2006 1366 2031; x_wconf 86' lang='lat' dir='ltr'><strong>om.</strong></span> <span class='ocrx_word' id='word_1_246' title='bbox 1382 1996 1427 2030; x_wconf 93' lang='lat' dir='ltr'><em>M</em></span> <span class='ocrx_word' id='word_1_247' title='bbox 1497 1990 1500 1992; x_wconf 59' lang='grc'>’</span> <span class='ocrx_word' id='word_1_248' title='bbox 1534 1993 1674 2028; x_wconf 79' lang='grc'>141-3</span> <span class='ocrx_word' id='word_1_249' title='bbox 1699 1992 1892 2028; x_wconf 88' lang='lat' dir='ltr'><strong>sortiri—</strong></span> 
     </span>
     <span class='ocr_line' id='line_1_27' title="bbox 400 2047 1894 2099; baseline -0.006 -8"><span class='ocrx_word' id='word_1_250' title='bbox 400 2056 511 2091; x_wconf 79' lang='lat' dir='ltr'><strong>falsis</strong></span> <span class='ocrx_word' id='word_1_251' title='bbox 535 2066 609 2091; x_wconf 87' lang='lat' dir='ltr'><strong>om.</strong></span> <span class='ocrx_word' id='word_1_252' title='bbox 625 2056 664 2089; x_wconf 90' lang='grc' dir='ltr'><em>Ε</em></span> <span class='ocrx_word' id='word_1_253' title='bbox 737 2055 804 2095; x_wconf 83' lang='grc'><strong>143</strong></span> <span class='ocrx_word' id='word_1_254' title='bbox 830 2055 953 2096; x_wconf 88' lang='lat' dir='ltr'><strong>falsis]</strong></span> <span class='ocrx_word' id='word_1_255' title='bbox 981 2054 1196 2099; x_wconf 82' lang='lat' dir='ltr'><strong>silogismis</strong></span> <span class='ocrx_word' id='word_1_256' title='bbox 1223 2052 1333 2087; x_wconf 82' lang='lat' dir='ltr'><strong>falsis</strong></span> <span class='ocrx_word' id='word_1_257' title='bbox 1347 2052 1398 2094; x_wconf 84' lang='lat' dir='ltr'><strong>D,</strong></span> <span class='ocrx_word' id='word_1_258' title='bbox 1425 2051 1653 2096; x_wconf 84' lang='lat' dir='ltr'><strong>sillogismis</strong></span> <span class='ocrx_word' id='word_1_259' title='bbox 1674 2050 1713 2093; x_wconf 93' lang='lat' dir='ltr'><strong>V,</strong></span> <span class='ocrx_word' id='word_1_260' title='bbox 1740 2048 1828 2083; x_wconf 83' lang='lat' dir='ltr'><strong>silo·</strong></span> <span class='ocrx_word' id='word_1_261' title='bbox 1845 2047 1894 2089; x_wconf 77' lang='lat' dir='ltr'><strong>F,</strong></span> 
     </span>
    </p>
   </div>
   <div class='ocr_carea' id='block_1_7' title="bbox 401 2105 1985 2157">
    <p class='ocr_par' dir='ltr' id='par_1_7' title="bbox 401 2105 1985 2157">
     <span class='ocr_line' id='line_1_28' title="bbox 401 2105 1985 2157; baseline -0.006 -9"><span class='ocrx_word' id='word_1_262' title='bbox 401 2113 598 2157; x_wconf 86' lang='lat' dir='ltr'><strong>Syllo-KP,</strong></span> <span class='ocrx_word' id='word_1_263' title='bbox 631 2112 788 2157; x_wconf 85' lang='lat' dir='ltr'><strong>sylo-M,</strong></span> <span class='ocrx_word' id='word_1_264' title='bbox 820 2111 988 2156; x_wconf 88' lang='lat' dir='ltr'><strong>singulis</strong></span> <span class='ocrx_word' id='word_1_265' title='bbox 1017 2110 1062 2154; x_wconf 80' lang='lat' dir='ltr'><strong>G,</strong></span> <span class='ocrx_word' id='word_1_266' title='bbox 1096 2110 1342 2155; x_wconf 90' lang='lat' dir='ltr'><strong>philosophis</strong></span> <span class='ocrx_word' id='word_1_267' title='bbox 1367 2109 1403 2143; x_wconf 91' lang='lat' dir='ltr'><em>L</em></span> <span class='ocrx_word' id='word_1_268' title='bbox 1555 2107 1623 2141; x_wconf 76' lang='lat'><strong>144</strong></span> <span class='ocrx_word' id='word_1_269' title='bbox 1648 2105 1894 2141; x_wconf 86' lang='lat' dir='ltr'><strong>antecedens</strong></span> <span class='ocrx_word' id='word_1_270' title='bbox 1943 2137 1951 2140; x_wconf 74' lang='grc'><strong>,</strong></span> <span class='ocrx_word' id='word_1_271' title='bbox 1973 2119 1985 2150; x_wconf 76' lang='lat'><strong>.&#39;</strong></span> 
     </span>
    </p>
   </div>
   <div class='ocr_carea' id='block_1_8' title="bbox 400 2159 1902 2326">
    <p class='ocr_par' dir='ltr' id='par_1_8' title="bbox 400 2159 1902 2326">
     <span class='ocr_line' id='line_1_29' title="bbox 400 2159 1898 2213; baseline -0.005 -10"><span class='ocrx_word' id='word_1_272' title='bbox 400 2169 478 2203; x_wconf 89' lang='lat' dir='ltr'><strong>BT</strong></span> <span class='ocrx_word' id='word_1_273' title='bbox 552 2169 621 2203; x_wconf 83' lang='lat'><strong>146</strong></span> <span class='ocrx_word' id='word_1_274' title='bbox 647 2179 855 2213; x_wconf 89' lang='lat' dir='ltr'><strong>nunquam</strong></span> <span class='ocrx_word' id='word_1_275' title='bbox 882 2177 1026 2203; x_wconf 87' lang='lat' dir='ltr'><strong>uerum</strong></span> <span class='ocrx_word' id='word_1_276' title='bbox 1040 2167 1115 2202; x_wconf 90' lang='lat' dir='ltr'><strong>PT</strong></span> <span class='ocrx_word' id='word_1_277' title='bbox 1186 2166 1251 2201; x_wconf 83' lang='lat'><strong>147</strong></span> <span class='ocrx_word' id='word_1_278' title='bbox 1278 2166 1463 2210; x_wconf 88' lang='lat' dir='ltr'><strong>sequitur</strong></span> <span class='ocrx_word' id='word_1_279' title='bbox 1477 2164 1553 2198; x_wconf 88' lang='grc' dir='ltr'><strong>ΒΕ</strong></span> <span class='ocrx_word' id='word_1_280' title='bbox 1625 2166 1663 2198; x_wconf 89' lang='lat' dir='ltr'><strong>et</strong></span> <span class='ocrx_word' id='word_1_281' title='bbox 1689 2172 1764 2197; x_wconf 88' lang='lat' dir='ltr'><strong>om.</strong></span> <span class='ocrx_word' id='word_1_282' title='bbox 1779 2159 1898 2196; x_wconf 84' lang='lat' dir='ltr'><strong>DGV</strong></span> 
     </span>
     <span class='ocr_line' id='line_1_30' title="bbox 402 2215 1902 2270; baseline -0.006 -10"><span class='ocrx_word' id='word_1_283' title='bbox 402 2226 471 2259; x_wconf 89' lang='lat'><strong>148</strong></span> <span class='ocrx_word' id='word_1_284' title='bbox 498 2226 746 2270; x_wconf 85' lang='lat' dir='ltr'><strong>pauperibus</strong></span> <span class='ocrx_word' id='word_1_285' title='bbox 772 2225 846 2259; x_wconf 88' lang='lat' dir='ltr'><strong>BL</strong></span> <span class='ocrx_word' id='word_1_286' title='bbox 969 2223 1036 2257; x_wconf 89' lang='grc'><strong>149</strong></span> <span class='ocrx_word' id='word_1_287' title='bbox 1063 2222 1278 2257; x_wconf 87' lang='lat' dir='ltr'><strong>dicendum</strong></span> <span class='ocrx_word' id='word_1_288' title='bbox 1303 2221 1452 2256; x_wconf 84' lang='lat' dir='ltr'><em>BEKL</em></span> <span class='ocrx_word' id='word_1_289' title='bbox 1573 2218 1645 2263; x_wconf 87' lang='lat' dir='ltr'><strong>est]</strong></span> <span class='ocrx_word' id='word_1_290' title='bbox 1673 2218 1793 2253; x_wconf 83' lang='lat' dir='ltr'><strong>etiam</strong></span> <span class='ocrx_word' id='word_1_291' title='bbox 1818 2215 1902 2252; x_wconf 82' lang='lat' dir='ltr'><strong>EV</strong></span> 
     </span>
     <span class='ocr_line' id='line_1_31' title="bbox 403 2276 1577 2326; baseline -0.005 -10"><span class='ocrx_word' id='word_1_292' title='bbox 403 2282 468 2317; x_wconf 80' lang='lat'><strong>151</strong></span> <span class='ocrx_word' id='word_1_293' title='bbox 498 2281 606 2326; x_wconf 88' lang='lat' dir='ltr'><strong>quia]</strong></span> <span class='ocrx_word' id='word_1_294' title='bbox 634 2281 744 2326; x_wconf 91' lang='lat' dir='ltr'><strong>quod</strong></span> <span class='ocrx_word' id='word_1_295' title='bbox 770 2281 846 2315; x_wconf 77' lang='lat' dir='ltr'><strong>AF</strong></span> <span class='ocrx_word' id='word_1_296' title='bbox 930 2280 1041 2314; x_wconf 84' lang='lat' dir='ltr'><strong>aliud</strong></span> <span class='ocrx_word' id='word_1_297' title='bbox 1067 2279 1227 2313; x_wconf 87' lang='lat' dir='ltr'><em>DEKV</em></span> <span class='ocrx_word' id='word_1_298' title='bbox 1310 2277 1367 2321; x_wconf 89' lang='lat' dir='ltr'><strong>ut]</strong></span> <span class='ocrx_word' id='word_1_299' title='bbox 1395 2280 1466 2311; x_wconf 87' lang='lat' dir='ltr'><strong>aut</strong></span> <span class='ocrx_word' id='word_1_300' title='bbox 1491 2276 1577 2310; x_wconf 90' lang='lat' dir='ltr'><strong>HM</strong></span> 
     </span>
    </p>
   </div>
   <div class='ocr_carea' id='block_1_9' title="bbox 398 2366 1895 2756">
    <p class='ocr_par' dir='ltr' id='par_1_9' title="bbox 398 2366 1895 2756">
     <span class='ocr_line' id='line_1_32' title="bbox 522 2366 1895 2418; baseline -0.008 -7"><span class='ocrx_word' id='word_1_301' title='bbox 522 2376 710 2411; x_wconf 83' lang='lat'>140—143</span> <span class='ocrx_word' id='word_1_302' title='bbox 735 2373 978 2417; x_wconf 77' lang='lat' dir='ltr'><strong>Aristotelis,</strong></span> <span class='ocrx_word' id='word_1_303' title='bbox 1003 2383 1106 2418; x_wconf 84' lang='lat' dir='ltr'><strong>quae</strong></span> <span class='ocrx_word' id='word_1_304' title='bbox 1132 2373 1287 2407; x_wconf 80' lang='lat' dir='ltr'><strong>Dantes</strong></span> <span class='ocrx_word' id='word_1_305' title='bbox 1314 2380 1364 2405; x_wconf 65' lang='grc' dir='ltr'><strong>θα)</strong></span> <span class='ocrx_word' id='word_1_306' title='bbox 1391 2367 1583 2405; x_wconf 80' lang='lat' dir='ltr'><strong>Guilelmi</strong></span> <span class='ocrx_word' id='word_1_307' title='bbox 1609 2368 1656 2403; x_wconf 82' lang='lat' dir='ltr'><strong>de</strong></span> <span class='ocrx_word' id='word_1_308' title='bbox 1682 2366 1895 2402; x_wconf 80' lang='lat' dir='ltr'><strong>Moerbeca</strong></span> 
     </span>
     <span class='ocr_line' id='line_1_33' title="bbox 401 2421 1891 2471; baseline -0.007 -3"><span class='ocrx_word' id='word_1_309' title='bbox 401 2432 583 2468; x_wconf 78' lang='lat' dir='ltr'><strong>versione</strong></span> <span class='ocrx_word' id='word_1_310' title='bbox 609 2431 712 2467; x_wconf 77' lang='lat' dir='ltr'><strong>satis</strong></span> <span class='ocrx_word' id='word_1_311' title='bbox 739 2432 910 2466; x_wconf 81' lang='lat' dir='ltr'><strong>obscura</strong></span> <span class='ocrx_word' id='word_1_312' title='bbox 937 2429 1228 2471; x_wconf 82' lang='lat' dir='ltr'><strong>commemorat,</strong></span> <span class='ocrx_word' id='word_1_313' title='bbox 1255 2427 1374 2462; x_wconf 83' lang='lat' dir='ltr'><strong>verba</strong></span> <span class='ocrx_word' id='word_1_314' title='bbox 1400 2427 1495 2461; x_wconf 81' lang='lat' dir='ltr'><strong>sunt</strong></span> <span class='ocrx_word' id='word_1_315' title='bbox 1521 2425 1616 2460; x_wconf 83' lang='lat' dir='ltr'><strong>haec</strong></span> <span class='ocrx_word' id='word_1_316' title='bbox 1642 2422 1784 2465; x_wconf 79' lang='lat' dir='ltr'><strong>(Ethic.</strong></span> <span class='ocrx_word' id='word_1_317' title='bbox 1803 2421 1891 2458; x_wconf 84' lang='lat' dir='ltr'><strong>Nic.</strong></span> 
     </span>
     <span class='ocr_line' id='line_1_34' title="bbox 401 2481 1892 2534; baseline -0.008 -9"><span class='ocrx_word' id='word_1_318' title='bbox 401 2491 436 2534; x_wconf 85' lang='lat'><strong>6,</strong></span> <span class='ocrx_word' id='word_1_319' title='bbox 456 2490 491 2533; x_wconf 90' lang='grc'><strong>9,</strong></span> <span class='ocrx_word' id='word_1_320' title='bbox 507 2489 693 2533; x_wconf 83' lang='lat' dir='ltr'>5,1142b</span> <span class='ocrx_word' id='word_1_321' title='bbox 711 2487 877 2530; x_wconf 80' lang='lat'><em>20-25)</em></span> <span class='ocrx_word' id='word_1_322' title='bbox 909 2487 1024 2521; x_wconf 83' lang='grc' dir='ltr'>Δοκεῖ</span> <span class='ocrx_word' id='word_1_323' title='bbox 1059 2485 1090 2519; x_wconf 85' lang='grc' dir='ltr'><strong>δ’</strong></span> <span class='ocrx_word' id='word_1_324' title='bbox 1124 2484 1266 2526; x_wconf 85' lang='grc' dir='ltr'>ἀγαθόν</span> <span class='ocrx_word' id='word_1_325' title='bbox 1291 2494 1325 2517; x_wconf 86' lang='grc' dir='ltr'><strong>τι</strong></span> <span class='ocrx_word' id='word_1_326' title='bbox 1351 2484 1447 2517; x_wconf 86' lang='grc' dir='ltr'>εἶναι</span> <span class='ocrx_word' id='word_1_327' title='bbox 1472 2483 1517 2516; x_wconf 90' lang='grc' dir='ltr'><strong>τὸ</strong></span> <span class='ocrx_word' id='word_1_328' title='bbox 1543 2481 1584 2516; x_wconf 81' lang='grc' dir='ltr'><strong>εὖ</strong></span> <span class='ocrx_word' id='word_1_329' title='bbox 1611 2481 1892 2524; x_wconf 81' lang='grc' dir='ltr'>βεβουλεῦσθαι·</span> 
     </span>
     <span class='ocr_line' id='line_1_35' title="bbox 401 2534 1892 2588; baseline -0.007 -8"><span class='ocrx_word' id='word_1_330' title='bbox 401 2547 425 2588; x_wconf 92' lang='grc' dir='ltr'>ή</span> <span class='ocrx_word' id='word_1_331' title='bbox 460 2546 531 2588; x_wconf 88' lang='grc' dir='ltr'><strong>γὰρ</strong></span> <span class='ocrx_word' id='word_1_332' title='bbox 563 2545 719 2587; x_wconf 85' lang='grc' dir='ltr'>τοιαύτη</span> <span class='ocrx_word' id='word_1_333' title='bbox 755 2544 916 2586; x_wconf 83' lang='grc' dir='ltr'>ὀρθότης</span> <span class='ocrx_word' id='word_1_334' title='bbox 949 2544 1084 2584; x_wconf 86' lang='grc' dir='ltr'>βουλῆς</span> <span class='ocrx_word' id='word_1_335' title='bbox 1115 2540 1300 2583; x_wconf 80' lang='grc' dir='ltr'>εὐβουλία,</span> <span class='ocrx_word' id='word_1_336' title='bbox 1335 2540 1358 2581; x_wconf 89' lang='grc' dir='ltr'>ή</span> <span class='ocrx_word' id='word_1_337' title='bbox 1391 2539 1533 2580; x_wconf 83' lang='grc' dir='ltr'>ἀγαθοῦ</span> <span class='ocrx_word' id='word_1_338' title='bbox 1559 2536 1746 2580; x_wconf 86' lang='grc' dir='ltr'>τευκτική.</span> <span class='ocrx_word' id='word_1_339' title='bbox 1794 2534 1892 2570; x_wconf 82' lang='grc' dir='ltr'>Ἀλλ’</span> 
     </span>
     <span class='ocr_line' id='line_1_36' title="bbox 401 2595 1891 2642; baseline -0.007 -6"><span class='ocrx_word' id='word_1_340' title='bbox 401 2603 480 2636; x_wconf 82' lang='grc' dir='ltr'>ἔστι</span> <span class='ocrx_word' id='word_1_341' title='bbox 508 2603 567 2636; x_wconf 89' lang='grc' dir='ltr'><strong>καὶ</strong></span> <span class='ocrx_word' id='word_1_342' title='bbox 592 2602 732 2635; x_wconf 88' lang='grc' dir='ltr'>τούτου</span> <span class='ocrx_word' id='word_1_343' title='bbox 758 2601 888 2642; x_wconf 87' lang='grc' dir='ltr'>ψευδεῖ</span> <span class='ocrx_word' id='word_1_344' title='bbox 914 2600 1150 2641; x_wconf 81' lang='grc' dir='ltr'>συλλογισμῷ</span> <span class='ocrx_word' id='word_1_345' title='bbox 1179 2601 1316 2640; x_wconf 85' lang='grc' dir='ltr'>τυχεῖν,</span> <span class='ocrx_word' id='word_1_346' title='bbox 1347 2597 1407 2630; x_wconf 85' lang='grc' dir='ltr'><strong>καὶ</strong></span> <span class='ocrx_word' id='word_1_347' title='bbox 1433 2595 1453 2629; x_wconf 91' lang='grc' dir='ltr'><strong><em>ὃ</em></strong></span> <span class='ocrx_word' id='word_1_348' title='bbox 1480 2595 1547 2637; x_wconf 86' lang='grc' dir='ltr'><strong>μὲν</strong></span> <span class='ocrx_word' id='word_1_349' title='bbox 1572 2595 1627 2628; x_wconf 86' lang='grc' dir='ltr'><strong>δεῖ</strong></span> <span class='ocrx_word' id='word_1_350' title='bbox 1651 2596 1805 2635; x_wconf 88' lang='grc' dir='ltr'>ποιῆσαι</span> <span class='ocrx_word' id='word_1_351' title='bbox 1828 2602 1891 2626; x_wconf 87' lang='grc' dir='ltr'><strong>τυ-</strong></span> 
     </span>
     <span class='ocr_line' id='line_1_37' title="bbox 401 2647 1892 2702; baseline -0.007 -10"><span class='ocrx_word' id='word_1_352' title='bbox 401 2661 490 2702; x_wconf 88' lang='grc' dir='ltr'>χεῖν,</span> <span class='ocrx_word' id='word_1_353' title='bbox 517 2657 563 2691; x_wconf 80' lang='grc' dir='ltr'><strong>δι’</strong></span> <span class='ocrx_word' id='word_1_354' title='bbox 589 2657 634 2691; x_wconf 85' lang='grc' dir='ltr'><strong>οὗ</strong></span> <span class='ocrx_word' id='word_1_355' title='bbox 662 2656 693 2691; x_wconf 81' lang='grc' dir='ltr'><strong>δ’</strong></span> <span class='ocrx_word' id='word_1_356' title='bbox 720 2658 777 2699; x_wconf 87' lang='grc' dir='ltr'><strong>οὔ,</strong></span> <span class='ocrx_word' id='word_1_357' title='bbox 809 2656 902 2690; x_wconf 89' lang='grc' dir='ltr'>ἀλλὰ</span> <span class='ocrx_word' id='word_1_358' title='bbox 928 2655 1050 2697; x_wconf 86' lang='grc' dir='ltr'>ψευδῆ</span> <span class='ocrx_word' id='word_1_359' title='bbox 1077 2654 1145 2687; x_wconf 88' lang='grc' dir='ltr'><strong>τὸν</strong></span> <span class='ocrx_word' id='word_1_360' title='bbox 1172 2653 1286 2695; x_wconf 84' lang='grc' dir='ltr'>μέσον</span> <span class='ocrx_word' id='word_1_361' title='bbox 1311 2652 1402 2695; x_wconf 89' lang='grc' dir='ltr'>ὅρον</span> <span class='ocrx_word' id='word_1_362' title='bbox 1427 2653 1535 2686; x_wconf 79' lang='grc' dir='ltr'>εἶναι·</span> <span class='ocrx_word' id='word_1_363' title='bbox 1571 2649 1662 2684; x_wconf 85' lang='grc' dir='ltr'>ὥστ’</span> <span class='ocrx_word' id='word_1_364' title='bbox 1688 2647 1768 2683; x_wconf 85' lang='grc' dir='ltr'>οὐδ’</span> <span class='ocrx_word' id='word_1_365' title='bbox 1795 2648 1892 2689; x_wconf 86' lang='grc' dir='ltr'>αὕτη</span> 
     </span>
     <span class='ocr_line' id='line_1_38' title="bbox 398 2705 1788 2756; baseline -0.008 -7"><span class='ocrx_word' id='word_1_366' title='bbox 398 2726 462 2749; x_wconf 82' lang='grc' dir='ltr'><strong>πω</strong></span> <span class='ocrx_word' id='word_1_367' title='bbox 489 2713 675 2756; x_wconf 83' lang='grc' dir='ltr'>εὐβουλία,</span> <span class='ocrx_word' id='word_1_368' title='bbox 702 2714 783 2747; x_wconf 85' lang='grc' dir='ltr'>καθ’</span> <span class='ocrx_word' id='word_1_369' title='bbox 809 2712 857 2754; x_wconf 87' lang='grc' dir='ltr'><strong>ἣν</strong></span> <span class='ocrx_word' id='word_1_370' title='bbox 883 2712 928 2746; x_wconf 85' lang='grc' dir='ltr'><strong>οὗ</strong></span> <span class='ocrx_word' id='word_1_371' title='bbox 955 2712 1010 2745; x_wconf 83' lang='grc' dir='ltr'><strong>δεῖ</strong></span> <span class='ocrx_word' id='word_1_372' title='bbox 1035 2712 1101 2753; x_wconf 84' lang='grc' dir='ltr'><strong>μὲν</strong></span> <span class='ocrx_word' id='word_1_373' title='bbox 1126 2710 1310 2753; x_wconf 86' lang='grc' dir='ltr'>τυγχάνει,</span> <span class='ocrx_word' id='word_1_374' title='bbox 1337 2710 1381 2743; x_wconf 89' lang='grc' dir='ltr'><strong>οὐ</strong></span> <span class='ocrx_word' id='word_1_375' title='bbox 1409 2708 1534 2750; x_wconf 85' lang='grc' dir='ltr'>μέντοι</span> <span class='ocrx_word' id='word_1_376' title='bbox 1561 2705 1606 2741; x_wconf 84' lang='grc' dir='ltr'><strong>δι’</strong></span> <span class='ocrx_word' id='word_1_377' title='bbox 1633 2706 1677 2740; x_wconf 81' lang='grc' dir='ltr'><strong>οὗ</strong></span> <span class='ocrx_word' id='word_1_378' title='bbox 1704 2706 1788 2739; x_wconf 83' lang='grc' dir='ltr'>ἔδει.</span> 
     </span>
    </p>
   </div>
  </div>
 </body>
</html>
