2002 3302
432 771 702 823 INCIPIT
742 768 956 818 LIBER
995 763 1413 815 MONARCHIE

325 855 588 906 DANTIS
627 851 1023 902 ALAGHERII
1062 847 1519 898 FLORENTINI.

580 995 799 1039 INCIPIT
834 993 1009 1035 LIBER
1038 991 1272 1034 PRIMVS.

251 1095 406 1137 Mnium
441 1093 653 1135 hominum
688 1103 794 1145 quos
827 1088 880 1131 ad
916 1101 1103 1131 amorem
1137 1087 1334 1129 ueritatis
1366 1090 1517 1127 natura
1551 1086 1712 1139 supe-l

279 1167 364 1209 rior
386 1164 612 1221 impressit,
646 1163 727 1205 hoc
748 1162 934 1203 maxime
956 1161 1161 1202 interesse
1183 1158 1365 1211 uidetur,
1399 1163 1445 1199 ut
1474 1155 1672 1210 quemad-

177 1237 347 1280 modum
380 1236 434 1279 de
467 1236 612 1278 labore
645 1234 913 1287 antiquorum
947 1231 1072 1273 ditati
1106 1234 1216 1283 sunt,
1251 1230 1312 1271 ita
1345 1233 1389 1271 et
1420 1229 1501 1284 ipsi
1535 1231 1672 1283 poste·
1689 1247 1709 1271 3.

178 1306 236 1348 ris
275 1305 562 1362 prolaborent‚
611 1306 819 1357 quatenus
852 1301 905 1342 ab
939 1300 1000 1342 eis
1033 1299 1262 1355 posteritas
1295 1298 1455 1340 habeat
1497 1310 1579 1350 quo
1613 1296 1673 1338 di-

178 1378 303 1416 tetur.
366 1373 516 1427 Longe
556 1384 736 1425 namque
775 1370 830 1412 ab
863 1369 1012 1411 officio
1054 1381 1099 1410 se
1133 1381 1225 1410 esse
1258 1381 1339 1409 non
1373 1366 1552 1419 dubitet,
1602 1366 1672 1419 qui

177 1441 360 1498 publicis
385 1441 649 1483 documentis
672 1439 870 1491 imbutus,
898 1437 952 1479 ad
977 1451 1064 1479 rem
1090 1436 1303 1492 publicam
1327 1434 1488 1488 aliquid
1513 1434 1708 1477 afferres.

177 1523 261 1553 non
311 1514 444 1552 curat.
514 1509 609 1551 Non
655 1508 764 1549 enim
812 1511 875 1549 est
923 1505 1095 1560 ‘lignum
1143 1504 1256 1556 quod
1301 1517 1424 1546 secus
1469 1502 1674 1545 decursus

177 1591 380 1632 aquarum
413 1577 650 1620 fructificat
682 1575 724 1617 in
758 1580 948 1630 tempore
981 1573 1082 1626 suo',
1133 1572 1208 1615 sed
1249 1573 1390 1627 potius
1434 1571 1673 1627 perniciosa

177 1660 351 1701 uorago,
399 1658 566 1700 semper
604 1644 874 1699 ingurgitans
907 1648 950 1684 et
981 1655 1196 1696 nunquam
1235 1641 1500 1695 ingurgitata
1533 1640 1704 1683 refun-9

169 1713 296 1756 dens.
361 1713 456 1755 Hoc
496 1713 626 1767 igitur
670 1724 772 1767 sepe
815 1724 978 1753 mecum
1023 1710 1283 1764 recogitans,
1333 1723 1385 1751 ne
1431 1707 1484 1750 de
1524 1708 1670 1750 infossi

177 1782 327 1825 talenti
374 1782 499 1837 culpa
543 1779 800 1835 quandoque
848 1778 1098 1832 redarguar,
1149 1778 1317 1833 publice
1366 1778 1542 1819 utilitati
1591 1791 1672 1818 non

178 1849 304 1893 modo
335 1855 591 1904 turgescere,
626 1848 725 1902 quin
759 1847 842 1889 imo
876 1846 1142 1889 fructificare
1176 1845 1386 1899 desidero,
1422 1850 1461 1887 et
1496 1845 1728 1900 intemp-12

297 1979 441 2024 Incipit
486 1979 718 2013 monarchia
758 1978 900 2013 dantis.
940 1978 990 2019 D,
1030 1977 1245 2012 Clarissimi
1293 1982 1411 2021 poete
1454 1976 1672 2010 Florentini

177 2036 321 2072 Daritis
347 2035 570 2081 Alingherij
607 2044 763 2069 summa
795 2035 1030 2069 monarchia
1063 2026 1204 2078 incipit
1230 2033 1416 2067 Feliciter
1444 2032 1489 2072 L,
1532 2031 1673 2067 Dantis

177 2092 401 2138 Aldigherij
431 2093 633 2127 florentini
661 2090 892 2126 Monarchie
920 2091 1021 2125 liber
1047 2090 1187 2133 incipit
1214 2090 1256 2132 P,
1285 2089 1495 2123 lnnomine
1523 2088 1671 2122 domini

178 2149 242 2185 nfi
276 2148 492 2182 dulcissimi
525 2148 595 2181 ihu
627 2148 696 2193 xpi
731 2147 799 2190 qui
835 2148 895 2180 est
922 2146 991 2179 lux
1021 2146 1205 2180 doctrina
1232 2149 1270 2178 et
1297 2146 1381 2178 uita
1408 2148 1494 2180 nfa.
1533 2143 1671 2178 Amen.

179 2204 326 2240 Uerum
355 2214 378 2238 a
405 2213 660 2248 quocumque
688 2203 845 2237 dicatur
873 2212 896 2235 a
930 2202 1074 2246 spiritu
1105 2205 1244 2236 sancto
1273 2205 1343 2235 est.
1396 2200 1538 2245 Incipit
1572 2200 1674 2235 liber

179 2260 410 2296 monarchie
435 2259 566 2293 dantis
593 2258 769 2302 alicherij
798 2258 1014 2292 florentini.
1055 2257 1202 2302 Incipit
1229 2258 1435 2303 prologus.
1484 2258 1521 2291 Γ.
1562 2257 1673 2291 BEG

178 2315 446 2362 inscriptione
471 2316 609 2351 carent
619 2330 629 2356 ,·
658 2314 763 2350 allae
789 2313 1079 2358 inscriptiones
1105 2313 1150 2348 in
1176 2313 1348 2359 reliquis
1375 2312 1592 2348 codicibus.

228 2373 246 2407 1
277 2382 377 2417 quos
403 2371 468 2416 ad]
496 2375 535 2406 in
564 2381 662 2416 quos
680 2371 823 2405 DMW
952 2371 974 2404 ‘2
1000 2375 1043 2404 ut
1065 2381 1136 2405 om.
1155 2370 1266 2404 BLP
1397 2370 1418 2403 3
1445 2374 1484 2404 et
1511 2379 1585 2403 om.
1602 2369 1674 2402 BL

180 2439 251 2472 pro
279 2429 447 2473 posteris
474 2428 659 2462 laborent
686 2427 809 2462 KMT
908 2427 930 2460 6
958 2428 1106 2461 offerre
1133 2427 1216 2469 ΕΡ,
1244 2428 1348 2461 ferre
1377 2427 1415 2459 F
1519 2426 1561 2459 10
1587 2425 1673 2459 Hoc

180 2504 223 2508 —
239 2485 464 2530 recogitans
490 2494 563 2517 om.
579 2484 617 2517 Ε
703 2483 784 2518 Hec
799 2483 1110 2517 ABFGHKPT
1203 2483 1340 2517 infessi
1361 2483 1403 2522 Ι),
1432 2481 1623 2516 indefessi
1640 2482 1682 2515 F

182 2541 222 2575 11
252 2538 510 2585 quandoque]
545 2549 662 2583 quem
690 2540 724 2573 L
819 2540 1042 2583 redarguat
1068 2539 1142 2573 EG
1298 2538 1341 2572 1‘2
1368 2542 1600 2582 tragesccre
1628 2538 1674 2577 F,

179 2600 314 2641 trang-
343 2596 386 2629 H
481 2594 619 2629 12—13
647 2596 950 2629 ‹et—ueritates
978 2605 1053 2629 om.
1078 2596 1109 2629 B
1186 2595 1224 2628 in
1255 2595 1429 2628 intentas
1458 2595 1508 2627 ab
1536 2593 1611 2627 illis
1640 2593 1677 2625 I'

298 2724 390 2757 7-8
418 2723 481 2756 Ps.
499 2725 531 2764 1,
545 2725 579 2756 3.
677 2722 807 2756 10-11
839 2721 889 2765 cf.
908 2721 1049 2755 Matthv.
1064 2721 1123 2763 25,
1139 2721 1198 2755 25.
1288 2721 1331 2754 1⁶2
1358 2720 1408 2764 cf.
1430 2719 1548 2754 Num.
1568 2722 1621 2761 17,
1638 2722 1673 2753 8,
