2002 3302
403 251 473 286 110
788 251 984 289 DANTIS
1011 251 1320 291 MONARCHIA
1345 252 1407 290 ΙΙΙ
1435 255 1488 291 16.

403 358 546 401 diuine
580 359 847 414 prouidentie
879 365 976 404 sunt
1009 361 1210 404 habendi.
1274 361 1396 404 Vnde
1429 362 1484 404 fit
1515 362 1630 416 quod
1661 356 1892 418 aliquando

355 439 389 466 7⁵
403 428 620 483 patiantur
642 428 878 482 dissidium,
913 430 1066 483 quibus
1090 429 1368 472 denuntiandi
1400 430 1588 485 dignitas
1619 435 1685 474 est
1713 431 1893 484 indulta,

404 496 469 538 uel
504 498 603 550 quia
633 510 789 551 omnes,
824 497 891 539 uel
925 499 1024 552 quia
1057 498 1228 552 quidam
1269 512 1426 547 eorum,
1460 499 1614 541 nebula
1647 498 1895 555 cupiditatis

405 565 686 619 obtenebrati,
720 565 863 608 diuino
899 565 1228 622 dispensationis
1260 567 1414 609 faciem
1447 582 1531 610 non
1565 568 1823 610 discernunt.

357 649 391 677 τε
524 633 570 675 Si
625 647 725 688 ergo
779 639 898 689 patet
946 634 1058 688 quod
1104 635 1337 677 auctoritas
1382 636 1626 690 temporalis
1670 635 1896 678 monarche

402 702 491 743 sine
525 702 608 743 ullo
642 701 780 743 medio
828 702 870 743 in
903 703 1039 757 ipsum
1074 703 1127 745 de
1166 703 1282 745 fonte
1336 705 1586 747 uniuersalis
1618 705 1885 747 auctoritatis

402 769 635 820 descendit,
673 770 743 824 qui
777 770 946 824 quidem
980 771 1088 824 fons,
1122 772 1162 813 in
1197 785 1294 814 aree
1326 785 1400 814 sue
1423 772 1710 828 simplicitatis
1734 774 1888 826 unitus,

353 855 385 880 si
402 838 442 879 in
477 839 730 893 multiplices
763 839 908 881 alueos
941 839 1078 881 influit
1111 853 1164 882 ex
1199 840 1492 882 habundantia
1526 830 1766 883 bonitatiss

523 908 576 948 Et
609 907 693 948 iam
725 909 830 950 satis
863 907 1011 950 uideor
1045 913 1198 950 metam
1224 909 1418 962 attigisse
1445 910 1720 964 propositam.
1785 909 1894 951 Enu-

404 975 542 1017 cleata
582 989 763 1029 namque
801 977 959 1019 ueritas
1001 981 1066 1018 est
1098 977 1330 1029 questionis
1363 977 1476 1018 illius
1510 990 1594 1030 qua
1626 978 1894 1030 querebatur,

354 1059 387 1083 ει
404 1049 540 1086 utrum
589 1044 645 1086 ad
695 1044 801 1086 bene
850 1058 943 1086 esse
993 1044 1137 1086 mundi
1181 1045 1464 1086 necessarium
1512 1051 1622 1086 esset
1666 1045 1896 1087 monarche

403 1112 611 1165 officium,
647 1127 697 1154 ac
730 1113 842 1155 illius
875 1126 958 1166 qua
991 1113 1260 1166 querebatur,
1310 1126 1363 1154 an
1399 1126 1597 1154 romanus
1629 1112 1810 1167 populus
1842 1111 1896 1154 de

403 1182 493 1222 iure
540 1181 763 1236 imperium
811 1181 890 1223 sibi
939 1181 1153 1234 asciuerit,
1205 1193 1284 1222 nec
1331 1194 1413 1222 non
1462 1180 1576 1222 illius
1623 1181 1768 1222 ultime
1812 1193 1894 1234 qua

355 1267 387 1292 87
405 1250 674 1302 querebatur,
726 1264 779 1291 an
812 1249 1042 1292 monarche
1076 1250 1309 1291 auctoritas
1341 1263 1367 1290 a
1399 1248 1480 1290 deo
1521 1248 1589 1290 uel
1622 1249 1676 1290 ab
1709 1248 1793 1290 alio
1827 1248 1896 1290 de-

404 1317 607 1372 penderet
640 1317 886 1360 inmediate.
951 1317 1042 1368 Que
1066 1317 1235 1371 quidem
1278 1318 1436 1359 ueritas
1479 1317 1624 1358 ultime
1667 1316 1897 1370 questionis

404 1400 487 1428 non
520 1387 581 1428 sie
613 1386 760 1428 stricte
792 1385 1039 1441 recipienda
1073 1390 1148 1439 est,
1199 1391 1243 1427 ut
1276 1398 1472 1427 romanus
1510 1386 1708 1439 princeps
1745 1385 1787 1426 in
1821 1384 1895 1426 ali-

356 1473 391 1498 90
406 1468 488 1508 quo
521 1468 694 1497 romano
727 1455 922 1510 pontifici
957 1468 1038 1497 non
1072 1455 1307 1510 subiaceat,
1342 1467 1435 1495 cum
1469 1453 1659 1495 mortalis
1691 1454 1772 1495 ista
1804 1452 1896 1494 feli-

406 1523 515 1564 citas
568 1522 881 1576 quodammodo
937 1522 991 1564 ad
1045 1522 1308 1563 inmortalem
1361 1521 1611 1563 felicitatem
1666 1514 1893 1562 ordinetur.

407 1590 486 1631 Illa
523 1591 653 1644 igitur
693 1591 932 1632 reuerentia
974 1603 1094 1632 cesar
1132 1594 1274 1631 utatur
1313 1588 1368 1630 ad
1402 1590 1587 1641 Petrum,
1630 1601 1714 1641 qua
1745 1589 1896 1643 primo-

358 1677 392 1702 93
405 1659 574 1712 genitus
606 1658 722 1700 filius
755 1657 882 1700 debet
916 1659 976 1700 uti
1011 1657 1065 1699 ad
1101 1662 1276 1712 patrem,
1326 1661 1370 1698 ut
1410 1652 1503 1699 luce
1546 1660 1724 1711 paterne
1756 1657 1896 1710 gratie

406 1727 654 1778 illustratus,
688 1724 918 1769 uirtuosius
951 1726 1093 1768 orbem
1129 1730 1238 1767 terre
1271 1725 1460 1778 irradiet,
1510 1727 1578 1766 eui
1610 1724 1663 1767 ab
1697 1724 1770 1766 illo
1803 1725 1894 1766 solo

407 1796 623 1850 prefectus
656 1799 732 1851 est,
783 1795 852 1848 qui
887 1799 950 1836 est
990 1795 1174 1836 omnium
1207 1793 1488 1849 spiritualium
1524 1797 1565 1834 et
1603 1792 1898 1847 temporalium

359 1882 393 1906 ss
407 1863 681 1917 gubernator.

517 1943 797 1985 EXPLICIT
829 1921 1179 1986 MONARCHIA
1213 1941 1431 1983 DANTIS
1465 1939 1789 1982 ALAGHERII
1824 1914 1827 1915 γ

969 2009 1340 2053 FLORENTINI.

528 2142 573 2177 75
600 2141 809 2176 discidium
838 2141 915 2176 BH
1032 2139 1197 2174 inducta
1224 2139 1296 2173 BL
1415 2138 1459 2173 77
1487 2137 1757 2183 dispositionis
1783 2131 1906 2171 ΛΕΜ

410 2199 455 2234 78
482 2198 713 2233 monarchie
739 2197 814 2231 AT
909 2197 953 2231 79
981 2197 1029 2232 de
1056 2195 1180 2241 fonte]
1210 2196 1274 2231 dei
1302 2197 1450 2231 fontem
1479 2195 1599 2230 DGV
1682 2194 1730 2229 80
1755 2195 1900 2229 unicus

410 2255 521 2289 EHL
612 2253 728 2288 84—5
754 2258 889 2288 utrum
907 2273 948 2278 —
965 2253 1212 2298 querebatur
1240 2263 1302 2287 om
1329 2251 1399 2287 AG
1489 2251 1607 2286 85-7
1635 2261 1685 2285 an
1705 2269 1744 2275 —
1762 2259 1901 2295 quere-

412 2311 530 2346 batur
557 2321 629 2344 om.
646 2311 685 2344 Ε
803 2310 848 2344 86
875 2310 948 2344 sibi
977 2309 1165 2344 asciuerit
1191 2309 1401 2353 imperium
1429 2307 1502 2342 FG
1623 2306 1668 2340 92
1702 2316 1801 2350 ergo
1827 2305 1901 2340 ΕΘ

410 2367 456 2402 94
483 2367 551 2411 qui
579 2367 688 2400 BFL
774 2366 858 2401 solo
886 2376 958 2400 om.
976 2365 1048 2399 BL
1134 2365 1178 2399 97
1207 2365 1378 2408 Explicit
1404 2362 1635 2397 monarchia
1662 2362 1794 2396 dantis
1820 2362 1900 2396 alli-

411 2424 514 2468 gerii
542 2423 788 2458 celeberrimi
815 2426 941 2467 poete„
959 2421 1182 2456 florentini:
1207 2421 1254 2462 A,
1282 2420 1466 2465 Explicit.
1494 2412 1726 2454 endiuin'alo
1745 2418 1800 2453 sel
1819 2428 1900 2463 uoy

531 2527 647 2562 92—3
673 2526 725 2572 cf.
758 2524 869 2561 Petri
901 2523 1100 2560 Damiam'.
1136 2524 1257 2559 verba
1293 2522 1336 2558 in
1372 2523 1556 2559 clausula
1594 2519 1902 2567 disceptationis

412 2582 626 2630 synodalis
665 2582 939 2627 llletanquam
975 2592 1121 2627 parens
1160 2585 1327 2626 paterno
1357 2590 1515 2632 semper
1551 2581 1640 2614 iure
1667 2579 1902 2623 preminent,

414 2642 488 2676 iste
515 2641 624 2676 velut
649 2641 793 2675 unicus
819 2650 867 2674 ac
893 2639 1112 2684 singularis
1137 2639 1245 2673 filius
1271 2639 1309 2672 in
1339 2638 1485 2671 amoris
1511 2636 1616 2670 illius
1650 2634 1902 2679 amplexibus
1923 2651 1926 2654 ·
1991 2645 1998 2650 ·

414 2698 642 2743 requiescat
669 2697 794 2740 (Mon.
823 2696 954 2731 Germ.
982 2694 1073 2730 hist.
1100 2693 1247 2730 Libellz'
1273 2694 1320 2729 de
1347 2692 1414 2728 lite
1440 2693 1465 2727 I
1485 2692 1579 2728 1891
1600 2701 1644 2735 p.
1669 2689 1746 2736 93).
